,ORDER_ID,PRICE,SIZE,BUY_SELL_FLAG,TYPE,ask_price_1,ask_size_1,bid_price_1,bid_size_1,MID_PRICE,SPREAD,ORDER_VOLUME_IMBALANCE,VWAP
2019-06-28 09:30:02.000126232,3,1010.32,100,True,LIMIT_ORDER,9999999999.0,9999999999.0,-9999999999.0,-9999999999.0,0.0,199999999.98,inf,
2019-06-28 09:30:02.000126232,4,997.26,100,False,ORDER_EXECUTED,9999999999.0,9999999999.0,-9999999999.0,-9999999999.0,0.0,199999999.98,inf,997.26
2019-06-28 09:30:02.000126232,3,1010.32,100,True,ORDER_EXECUTED,9999999999.0,9999999999.0,-9999999999.0,-9999999999.0,0.0,199999999.98,inf,1003.79
2019-06-28 09:30:02.000144550,8,1010.55,100,False,LIMIT_ORDER,101055.0,100.0,99156.0,100.0,1001.055,18.99,0.5,1003.79
2019-06-28 09:30:02.000173184,14,996.27,100,True,LIMIT_ORDER,101055.0,100.0,99627.0,100.0,1003.41,14.28,0.5,1003.79
2019-06-28 09:30:02.000176785,21,998.57,100,False,LIMIT_ORDER,99857.0,100.0,99627.0,100.0,997.42,2.3,0.5,1003.79
2019-06-28 09:30:02.000179872,22,1014.88,100,False,LIMIT_ORDER,99857.0,100.0,99627.0,100.0,997.42,2.3,0.5,1003.79
2019-06-28 09:30:02.000191562,12,988.57,100,True,LIMIT_ORDER,99857.0,100.0,99627.0,100.0,997.42,2.3,0.5,1003.79
2019-06-28 09:30:02.000192645,34,1004.06,100,True,LIMIT_ORDER,101055.0,100.0,99627.0,100.0,1003.41,14.28,0.5,1003.79
2019-06-28 09:30:02.000192645,21,998.57,100,False,ORDER_EXECUTED,101055.0,100.0,99627.0,100.0,1003.41,14.28,0.5,1002.05
2019-06-28 09:30:02.000192645,34,1004.06,100,True,ORDER_EXECUTED,101055.0,100.0,99627.0,100.0,1003.41,14.28,0.5,1002.5525
2019-06-28 09:30:02.000193266,5,999.97,100,True,LIMIT_ORDER,101055.0,100.0,99997.0,100.0,1005.26,10.58,0.5,1002.5525
2019-06-28 09:30:02.000196106,11,991.81,100,True,LIMIT_ORDER,101055.0,100.0,99997.0,100.0,1005.26,10.58,0.5,1002.5525
2019-06-28 09:30:02.000202052,27,1021.83,100,False,LIMIT_ORDER,101055.0,100.0,99997.0,100.0,1005.26,10.58,0.5,1002.5525
2019-06-28 09:30:02.000205205,15,997.84,100,False,LIMIT_ORDER,101055.0,100.0,99627.0,100.0,1003.41,14.28,0.5,1002.5525
2019-06-28 09:30:02.000205205,15,997.84,100,False,ORDER_EXECUTED,101055.0,100.0,99627.0,100.0,1003.41,14.28,0.5,1001.61
2019-06-28 09:30:02.000205205,5,999.97,100,True,ORDER_EXECUTED,101055.0,100.0,99627.0,100.0,1003.41,14.28,0.5,1001.3366666666667
2019-06-28 09:30:02.000214297,42,1001.0,100,False,LIMIT_ORDER,100100.0,100.0,99627.0,100.0,998.635,4.73,0.5,1001.3366666666667
2019-06-28 09:30:02.000226659,102,989.08,100,True,LIMIT_ORDER,100100.0,100.0,99627.0,100.0,998.635,4.73,0.5,1001.3366666666667
2019-06-28 09:30:02.000242654,39,997.88,100,False,LIMIT_ORDER,99788.0,100.0,99627.0,100.0,997.075,1.61,0.5,1001.3366666666667
2019-06-28 09:30:02.000245394,48,1000.06,100,False,LIMIT_ORDER,99788.0,100.0,99627.0,100.0,997.075,1.61,0.5,1001.3366666666667
2019-06-28 09:30:02.000251079,45,992.49,100,True,LIMIT_ORDER,99788.0,100.0,99627.0,100.0,997.075,1.61,0.5,1001.3366666666667
2019-06-28 09:30:02.000252461,17,992.21,100,True,LIMIT_ORDER,99788.0,100.0,99627.0,100.0,997.075,1.61,0.5,1001.3366666666667
2019-06-28 09:30:02.000256211,28,1003.63,100,False,LIMIT_ORDER,99788.0,100.0,99627.0,100.0,997.075,1.61,0.5,1001.3366666666667
2019-06-28 09:30:02.000257298,39,997.88,100,False,ORDER_EXECUTED,100006.0,100.0,99627.0,100.0,998.165,3.79,0.5,1000.8428571428572
2019-06-28 09:30:02.000257298,25,1009.43,100,True,ORDER_EXECUTED,100006.0,100.0,99627.0,100.0,998.165,3.79,0.5,1001.91625
2019-06-28 09:30:02.000257298,25,1009.43,100,True,LIMIT_ORDER,100006.0,100.0,99627.0,100.0,998.165,3.79,0.5,1001.91625
2019-06-28 09:30:02.000262747,48,1000.06,100,False,ORDER_EXECUTED,100100.0,100.0,99627.0,100.0,998.635,4.73,0.5,1001.71
2019-06-28 09:30:02.000262747,37,1008.56,100,True,ORDER_EXECUTED,100100.0,100.0,99627.0,100.0,998.635,4.73,0.5,1002.395
2019-06-28 09:30:02.000262747,37,1008.56,100,True,LIMIT_ORDER,100100.0,100.0,99627.0,100.0,998.635,4.73,0.5,1002.395
2019-06-28 09:30:02.000264967,30,994.51,100,True,LIMIT_ORDER,100100.0,100.0,99627.0,100.0,998.635,4.73,0.5,1002.395
2019-06-28 09:30:02.000271499,38,1004.39,100,False,LIMIT_ORDER,100100.0,100.0,99627.0,100.0,998.635,4.73,0.5,1002.395
2019-06-28 09:30:02.000278075,51,992.32,100,True,LIMIT_ORDER,100100.0,100.0,99627.0,100.0,998.635,4.73,0.5,1002.395
2019-06-28 09:30:02.000284035,46,999.05,100,False,LIMIT_ORDER,99905.0,100.0,99627.0,100.0,997.66,2.78,0.5,1002.395
2019-06-28 09:30:02.000290480,32,1008.84,100,True,LIMIT_ORDER,100100.0,100.0,99627.0,100.0,998.635,4.73,0.5,1002.395
2019-06-28 09:30:02.000290480,46,999.05,100,False,ORDER_EXECUTED,100100.0,100.0,99627.0,100.0,998.635,4.73,0.5,1002.0909090909091
2019-06-28 09:30:02.000290480,32,1008.84,100,True,ORDER_EXECUTED,100100.0,100.0,99627.0,100.0,998.635,4.73,0.5,1002.6533333333333
2019-06-28 09:30:02.000293438,54,984.74,100,True,LIMIT_ORDER,100100.0,100.0,99627.0,100.0,998.635,4.73,0.5,1002.6533333333333
2019-06-28 09:30:02.000295384,13,995.63,100,True,LIMIT_ORDER,100100.0,100.0,99627.0,100.0,998.635,4.73,0.5,1002.6533333333333
2019-06-28 09:30:02.000302045,20,997.71,100,False,LIMIT_ORDER,99771.0,100.0,99627.0,100.0,996.99,1.44,0.5,1002.6533333333333
2019-06-28 09:30:02.000302394,53,991.42,100,True,LIMIT_ORDER,99771.0,100.0,99627.0,100.0,996.99,1.44,0.5,1002.6533333333333
2019-06-28 09:30:02.000303792,29,997.58,100,True,LIMIT_ORDER,99771.0,100.0,99758.0,100.0,997.645,0.13,0.5,1002.6533333333333
2019-06-28 09:30:02.000327089,18,995.77,100,True,LIMIT_ORDER,99771.0,100.0,99758.0,100.0,997.645,0.13,0.5,1002.6533333333333
2019-06-28 09:30:02.000327578,56,1006.75,100,False,LIMIT_ORDER,99771.0,100.0,99758.0,100.0,997.645,0.13,0.5,1002.6533333333333
2019-06-28 09:30:02.000335194,31,991.68,100,True,LIMIT_ORDER,99771.0,100.0,99758.0,100.0,997.645,0.13,0.5,1002.6533333333333
2019-06-28 09:30:02.000336191,55,996.29,100,True,LIMIT_ORDER,99771.0,100.0,99758.0,100.0,997.645,0.13,0.5,1002.6533333333333
2019-06-28 09:30:02.000353722,58,996.24,100,True,LIMIT_ORDER,99771.0,100.0,99758.0,100.0,997.645,0.13,0.5,1002.6533333333333
2019-06-28 09:30:02.000358885,43,999.76,100,True,LIMIT_ORDER,100100.0,100.0,99758.0,100.0,999.29,3.42,0.5,1002.6533333333333
2019-06-28 09:30:02.000358885,20,997.71,100,False,ORDER_EXECUTED,100100.0,100.0,99758.0,100.0,999.29,3.42,0.5,1002.2730769230769
2019-06-28 09:30:02.000358885,43,999.76,100,True,ORDER_EXECUTED,100100.0,100.0,99758.0,100.0,999.29,3.42,0.5,1002.0935714285714
2019-06-28 09:30:02.000394116,7,999.16,100,False,LIMIT_ORDER,99916.0,100.0,99758.0,100.0,998.37,1.58,0.5,1002.0935714285714
2019-06-28 09:30:02.000397286,44,1011.58,100,False,LIMIT_ORDER,99916.0,100.0,99758.0,100.0,998.37,1.58,0.5,1002.0935714285714
2019-06-28 09:30:02.000408087,61,991.2,100,True,LIMIT_ORDER,99916.0,100.0,99758.0,100.0,998.37,1.58,0.5,1002.0935714285714
2019-06-28 09:30:02.000415979,7,999.16,100,False,ORDER_EXECUTED,100100.0,100.0,99758.0,100.0,999.29,3.42,0.5,1001.898
2019-06-28 09:30:02.000415979,59,1004.93,100,True,ORDER_EXECUTED,100100.0,100.0,99758.0,100.0,999.29,3.42,0.5,1002.0875
2019-06-28 09:30:02.000415979,59,1004.93,100,True,LIMIT_ORDER,100100.0,100.0,99758.0,100.0,999.29,3.42,0.5,1002.0875
2019-06-28 09:30:02.000417733,36,1019.58,100,False,LIMIT_ORDER,100100.0,100.0,99758.0,100.0,999.29,3.42,0.5,1002.0875
2019-06-28 09:30:02.000417801,49,1003.22,100,True,ORDER_EXECUTED,100363.0,100.0,99758.0,100.0,1000.605,6.05,0.5,1002.1541176470588
2019-06-28 09:30:02.000417801,49,1003.22,100,True,LIMIT_ORDER,100363.0,100.0,99758.0,100.0,1000.605,6.05,0.5,1002.1541176470588
2019-06-28 09:30:02.000417801,42,1001.0,100,False,ORDER_EXECUTED,100363.0,100.0,99758.0,100.0,1000.605,6.05,0.5,1002.09
2019-06-28 09:30:02.000448221,24,993.0,100,True,LIMIT_ORDER,100363.0,100.0,99758.0,100.0,1000.605,6.05,0.5,1002.09
2019-06-28 09:30:02.000476501,63,1003.35,100,False,LIMIT_ORDER,100335.0,100.0,99758.0,100.0,1000.465,5.77,0.5,1002.09
2019-06-28 09:30:02.000484681,64,991.17,100,True,LIMIT_ORDER,100335.0,100.0,99758.0,100.0,1000.465,5.77,0.5,1002.09
2019-06-28 09:30:02.000510546,29,997.58,100,True,ORDER_EXECUTED,100335.0,100.0,99629.0,100.0,999.82,7.06,0.5,1001.8526315789474
2019-06-28 09:30:02.000510546,67,991.25,100,False,ORDER_EXECUTED,100335.0,100.0,99629.0,100.0,999.82,7.06,0.5,1001.3225
2019-06-28 09:30:02.000510546,67,991.25,100,False,LIMIT_ORDER,100335.0,100.0,99629.0,100.0,999.82,7.06,0.5,1001.3225
2019-06-28 09:30:02.000512197,65,994.02,100,False,ORDER_EXECUTED,100335.0,100.0,99627.0,100.0,999.81,7.08,0.5,1000.9747619047619
2019-06-28 09:30:02.000512197,65,994.02,100,False,LIMIT_ORDER,100335.0,100.0,99627.0,100.0,999.81,7.08,0.5,1000.9747619047619
2019-06-28 09:30:02.000512197,55,996.29,100,True,ORDER_EXECUTED,100335.0,100.0,99627.0,100.0,999.81,7.08,0.5,1000.7618181818182
2019-06-28 09:30:02.000536361,68,988.28,100,True,LIMIT_ORDER,100335.0,100.0,99627.0,100.0,999.81,7.08,0.5,1000.7618181818182
2019-06-28 09:30:02.000619757,40,1015.89,100,False,LIMIT_ORDER,100335.0,100.0,99627.0,100.0,999.81,7.08,0.5,1000.7618181818182
2019-06-28 09:30:02.000641697,76,995.58,100,True,LIMIT_ORDER,100335.0,100.0,99627.0,100.0,999.81,7.08,0.5,1000.7618181818182
2019-06-28 09:30:02.000648604,72,1007.34,100,False,LIMIT_ORDER,100335.0,100.0,99627.0,100.0,999.81,7.08,0.5,1000.7618181818182
2019-06-28 09:30:02.000653900,23,994.39,100,True,LIMIT_ORDER,100335.0,100.0,99627.0,100.0,999.81,7.08,0.5,1000.7618181818182
2019-06-28 09:30:02.000667678,73,991.2,100,True,LIMIT_ORDER,100335.0,100.0,99627.0,100.0,999.81,7.08,0.5,1000.7618181818182
2019-06-28 09:30:02.000668589,75,987.0,100,True,LIMIT_ORDER,100335.0,100.0,99627.0,100.0,999.81,7.08,0.5,1000.7618181818182
2019-06-28 09:30:02.000689002,74,991.8,100,True,LIMIT_ORDER,100335.0,100.0,99627.0,100.0,999.81,7.08,0.5,1000.7618181818182
2019-06-28 09:30:02.000747315,52,1005.9,100,False,LIMIT_ORDER,100335.0,100.0,99627.0,100.0,999.81,7.08,0.5,1000.7618181818182
2019-06-28 09:30:02.000783703,79,1006.73,100,False,LIMIT_ORDER,100335.0,100.0,99627.0,100.0,999.81,7.08,0.5,1000.7618181818182
2019-06-28 09:30:02.000824756,71,1000.53,100,False,LIMIT_ORDER,100053.0,100.0,99627.0,100.0,998.4,4.26,0.5,1000.7618181818182
2019-06-28 09:30:02.000825368,80,996.31,100,False,LIMIT_ORDER,99631.0,100.0,99627.0,100.0,996.29,0.04,0.5,1000.7618181818182
2019-06-28 09:30:02.000868836,9,1006.6,100,False,LIMIT_ORDER,99631.0,100.0,99627.0,100.0,996.29,0.04,0.5,1000.7618181818182
2019-06-28 09:30:02.000885466,62,995.96,100,True,LIMIT_ORDER,99631.0,100.0,99627.0,100.0,996.29,0.04,0.5,1000.7618181818182
2019-06-28 09:30:02.000905147,66,1002.76,100,True,ORDER_EXECUTED,100053.0,100.0,99627.0,100.0,998.4,4.26,0.5,1000.8486956521739
2019-06-28 09:30:02.000905147,66,1002.76,100,True,LIMIT_ORDER,100053.0,100.0,99627.0,100.0,998.4,4.26,0.5,1000.8486956521739
2019-06-28 09:30:02.000905147,80,996.31,100,False,ORDER_EXECUTED,100053.0,100.0,99627.0,100.0,998.4,4.26,0.5,1000.6595833333333
2019-06-28 09:30:02.001105702,81,986.66,100,True,LIMIT_ORDER,100053.0,100.0,99627.0,100.0,998.4,4.26,0.5,1000.6595833333333
2019-06-28 09:30:02.001131628,6,1009.3,100,False,LIMIT_ORDER,100053.0,100.0,99627.0,100.0,998.4,4.26,0.5,1000.6595833333333
2019-06-28 09:30:02.001138425,82,1007.21,100,False,LIMIT_ORDER,100053.0,100.0,99627.0,100.0,998.4,4.26,0.5,1000.6595833333333
2019-06-28 09:30:02.001299156,78,1002.14,100,False,LIMIT_ORDER,100053.0,100.0,99627.0,100.0,998.4,4.26,0.5,1000.6595833333333
2019-06-28 09:30:02.001324147,83,1003.43,100,False,LIMIT_ORDER,100053.0,100.0,99627.0,100.0,998.4,4.26,0.5,1000.6595833333333
2019-06-28 09:30:02.001341505,50,998.07,100,True,LIMIT_ORDER,100053.0,100.0,99807.0,100.0,999.3,2.46,0.5,1000.6595833333333
2019-06-28 09:30:02.001405173,33,1008.61,100,False,LIMIT_ORDER,100053.0,100.0,99807.0,100.0,999.3,2.46,0.5,1000.6595833333333
2019-06-28 09:30:02.001457612,70,1002.4,100,True,ORDER_EXECUTED,100214.0,100.0,99807.0,100.0,1000.105,4.07,0.5,1000.7292
2019-06-28 09:30:02.001457612,70,1002.4,100,True,LIMIT_ORDER,100214.0,100.0,99807.0,100.0,1000.105,4.07,0.5,1000.7292
2019-06-28 09:30:02.001457612,71,1000.53,100,False,ORDER_EXECUTED,100214.0,100.0,99807.0,100.0,1000.105,4.07,0.5,1000.7215384615384
2019-06-28 09:30:02.001814275,84,993.22,100,True,LIMIT_ORDER,100214.0,100.0,99807.0,100.0,1000.105,4.07,0.5,1000.7215384615384
2019-06-28 09:30:02.001832967,47,1001.88,100,True,LIMIT_ORDER,100214.0,100.0,100188.0,100.0,1002.01,0.26,0.5,1000.7215384615384
2019-06-28 09:30:02.001838238,85,994.03,100,True,LIMIT_ORDER,100214.0,100.0,100188.0,100.0,1002.01,0.26,0.5,1000.7215384615384
2019-06-28 09:30:02.002006610,86,1014.76,100,False,LIMIT_ORDER,100214.0,100.0,100188.0,100.0,1002.01,0.26,0.5,1000.7215384615384
2019-06-28 09:30:02.002085410,57,1007.97,100,False,LIMIT_ORDER,100214.0,100.0,100188.0,100.0,1002.01,0.26,0.5,1000.7215384615384
2019-06-28 09:30:02.002372944,89,993.5,100,True,LIMIT_ORDER,100214.0,100.0,100188.0,100.0,1002.01,0.26,0.5,1000.7215384615384
2019-06-28 09:30:02.002427659,87,1005.48,100,False,LIMIT_ORDER,100214.0,100.0,100188.0,100.0,1002.01,0.26,0.5,1000.7215384615384
2019-06-28 09:30:02.002523283,35,991.87,100,True,LIMIT_ORDER,100214.0,100.0,100188.0,100.0,1002.01,0.26,0.5,1000.7215384615384
2019-06-28 09:30:02.002919267,26,1008.48,100,False,LIMIT_ORDER,100214.0,100.0,100188.0,100.0,1002.01,0.26,0.5,1000.7215384615384
2019-06-28 09:30:02.003038250,16,1007.91,100,False,LIMIT_ORDER,100214.0,100.0,100188.0,100.0,1002.01,0.26,0.5,1000.7215384615384
2019-06-28 09:30:02.003373747,47,1001.88,100,True,ORDER_EXECUTED,100214.0,100.0,99807.0,100.0,1000.105,4.07,0.5,1000.7644444444444
2019-06-28 09:30:02.003373747,90,991.63,100,False,ORDER_EXECUTED,100214.0,100.0,99807.0,100.0,1000.105,4.07,0.5,1000.4382142857143
2019-06-28 09:30:02.003373747,90,991.63,100,False,LIMIT_ORDER,100214.0,100.0,99807.0,100.0,1000.105,4.07,0.5,1000.4382142857143
2019-06-28 09:30:02.003570439,19,1023.02,100,False,LIMIT_ORDER,100214.0,100.0,99807.0,100.0,1000.105,4.07,0.5,1000.4382142857143
2019-06-28 09:30:02.003686274,60,987.61,100,True,LIMIT_ORDER,100214.0,100.0,99807.0,100.0,1000.105,4.07,0.5,1000.4382142857143
2019-06-28 09:30:02.003783256,41,1008.13,100,False,LIMIT_ORDER,100214.0,100.0,99807.0,100.0,1000.105,4.07,0.5,1000.4382142857143
2019-06-28 09:30:02.003985069,91,1006.07,100,False,LIMIT_ORDER,100214.0,100.0,99807.0,100.0,1000.105,4.07,0.5,1000.4382142857143
2019-06-28 09:30:02.005538071,69,999.18,100,False,LIMIT_ORDER,99918.0,100.0,99807.0,100.0,998.625,1.11,0.5,1000.4382142857143
2019-06-28 09:30:02.005728395,92,995.03,100,True,LIMIT_ORDER,99918.0,100.0,99807.0,100.0,998.625,1.11,0.5,1000.4382142857143
2019-06-28 09:30:02.009656809,93,994.38,100,True,LIMIT_ORDER,99918.0,100.0,99807.0,100.0,998.625,1.11,0.5,1000.4382142857143
2019-06-28 09:30:02.011368119,94,986.05,100,True,LIMIT_ORDER,99918.0,100.0,99807.0,100.0,998.625,1.11,0.5,1000.4382142857143
2019-06-28 09:30:02.014292945,77,994.1,100,False,ORDER_EXECUTED,99918.0,100.0,99627.0,100.0,997.725,2.91,0.5,1000.2196551724138
2019-06-28 09:30:02.014292945,77,994.1,100,False,LIMIT_ORDER,99918.0,100.0,99627.0,100.0,997.725,2.91,0.5,1000.2196551724138
2019-06-28 09:30:02.014292945,50,998.07,100,True,ORDER_EXECUTED,99918.0,100.0,99627.0,100.0,997.725,2.91,0.5,1000.148
2019-06-28 09:30:02.015717563,96,995.28,100,True,LIMIT_ORDER,99918.0,100.0,99627.0,100.0,997.725,2.91,0.5,1000.148
2019-06-28 09:30:02.017206470,88,992.12,100,True,LIMIT_ORDER,99918.0,100.0,99627.0,100.0,997.725,2.91,0.5,1000.148
2019-06-28 09:30:02.018124999,95,1006.35,100,False,LIMIT_ORDER,99918.0,100.0,99627.0,100.0,997.725,2.91,0.5,1000.148
2019-06-28 09:30:02.021140705,97,1016.95,100,False,LIMIT_ORDER,99918.0,100.0,99627.0,100.0,997.725,2.91,0.5,1000.148
2019-06-28 09:30:02.023408785,98,999.58,100,True,LIMIT_ORDER,100214.0,100.0,99627.0,100.0,999.205,5.87,0.5,1000.148
2019-06-28 09:30:02.023408785,69,999.18,100,False,ORDER_EXECUTED,100214.0,100.0,99627.0,100.0,999.205,5.87,0.5,1000.1167741935484
2019-06-28 09:30:02.023408785,98,999.58,100,True,ORDER_EXECUTED,100214.0,100.0,99627.0,100.0,999.205,5.87,0.5,1000.1
2019-06-28 09:30:02.025161710,78,1002.14,100,False,ORDER_EXECUTED,100335.0,100.0,99627.0,100.0,999.81,7.08,0.5,1000.1618181818181
2019-06-28 09:30:02.025161710,99,1012.08,100,True,LIMIT_ORDER,100335.0,100.0,99627.0,100.0,999.81,7.08,0.5,1000.1618181818181
2019-06-28 09:30:02.025161710,99,1012.08,100,True,ORDER_EXECUTED,100335.0,100.0,99627.0,100.0,999.81,7.08,0.5,1000.5123529411765
2019-06-28 09:30:02.026804339,100,1005.79,100,False,LIMIT_ORDER,100335.0,100.0,99627.0,100.0,999.81,7.08,0.5,1000.5123529411765
2019-06-28 09:30:03.000074009,101,1014.42,100,False,LIMIT_ORDER,100335.0,100.0,99627.0,100.0,999.81,7.08,0.5,1000.5123529411765
2019-06-28 09:30:04.000427207,51,992.32,100,True,ORDER_CANCELLED,100335.0,100.0,99627.0,100.0,999.81,7.08,0.5,1000.5123529411765
2019-06-28 09:30:05.003965481,104,1006.17,100,False,LIMIT_ORDER,100335.0,100.0,99627.0,100.0,999.81,7.08,0.5,1000.5123529411765
2019-06-28 09:30:05.141211929,56,1006.75,100,False,ORDER_CANCELLED,100335.0,100.0,99627.0,100.0,999.81,7.08,0.5,1000.5123529411765
2019-06-28 09:30:07.141377433,105,1005.15,100,False,LIMIT_ORDER,100335.0,100.0,99627.0,100.0,999.81,7.08,0.5,1000.5123529411765
2019-06-28 09:30:20.833039207,106,991.17,100,True,LIMIT_ORDER,100335.0,100.0,99627.0,100.0,999.81,7.08,0.5,1000.5123529411765
2019-06-28 09:30:21.379070695,16,1007.91,100,False,ORDER_CANCELLED,100335.0,100.0,99627.0,100.0,999.81,7.08,0.5,1000.5123529411765
2019-06-28 09:30:21.709327667,97,1016.95,100,False,ORDER_CANCELLED,100335.0,100.0,99627.0,100.0,999.81,7.08,0.5,1000.5123529411765
2019-06-28 09:30:22.818518879,107,993.08,100,True,LIMIT_ORDER,100335.0,100.0,99627.0,100.0,999.81,7.08,0.5,1000.5123529411765
2019-06-28 09:30:23.379199573,108,999.48,100,True,LIMIT_ORDER,100335.0,100.0,99948.0,100.0,1001.415,3.87,0.5,1000.5123529411765
2019-06-28 09:30:23.709434475,109,1020.7,100,False,LIMIT_ORDER,100335.0,100.0,99948.0,100.0,1001.415,3.87,0.5,1000.5123529411765
2019-06-28 09:30:24.063021766,26,1008.48,100,False,ORDER_CANCELLED,100335.0,100.0,99948.0,100.0,1001.415,3.87,0.5,1000.5123529411765
2019-06-28 09:30:25.052831039,110,1009.55,100,False,LIMIT_ORDER,100335.0,100.0,99948.0,100.0,1001.415,3.87,0.5,1000.5123529411765
2019-06-28 09:30:25.896373734,111,1003.35,100,True,ORDER_EXECUTED,100343.0,100.0,99948.0,100.0,1001.455,3.95,0.5,1000.5934285714286
2019-06-28 09:30:25.896373734,63,1003.35,100,False,ORDER_EXECUTED,100343.0,100.0,99948.0,100.0,1001.455,3.95,0.5,1000.67
2019-06-28 09:30:25.896373734,111,1003.35,100,True,LIMIT_ORDER,100343.0,100.0,99948.0,100.0,1001.455,3.95,0.5,1000.67
2019-06-28 09:30:31.050314594,9,1006.6,100,False,ORDER_CANCELLED,100343.0,100.0,99948.0,100.0,1001.455,3.95,0.5,1000.67
2019-06-28 09:30:33.050402367,112,1013.05,100,False,LIMIT_ORDER,100343.0,100.0,99948.0,100.0,1001.455,3.95,0.5,1000.67
2019-06-28 09:30:53.242982674,107,993.08,100,True,ORDER_CANCELLED,100343.0,100.0,99948.0,100.0,1001.455,3.95,0.5,1000.67
2019-06-28 09:30:55.243192164,113,992.85,100,True,LIMIT_ORDER,100343.0,100.0,99948.0,100.0,1001.455,3.95,0.5,1000.67
2019-06-28 09:31:44.896972005,114,1012.68,100,False,LIMIT_ORDER,100343.0,100.0,99948.0,100.0,1001.455,3.95,0.5,1000.67
2019-06-28 09:32:06.624709335,115,1013.11,100,False,LIMIT_ORDER,100343.0,100.0,99948.0,100.0,1001.455,3.95,0.5,1000.67
2019-06-28 09:32:18.070271088,35,991.87,100,True,ORDER_CANCELLED,100343.0,100.0,99948.0,100.0,1001.455,3.95,0.5,1000.67
2019-06-28 09:32:20.070788528,116,989.56,100,True,LIMIT_ORDER,100343.0,100.0,99948.0,100.0,1001.455,3.95,0.5,1000.67
2019-06-28 09:32:49.929254102,84,993.22,100,True,ORDER_CANCELLED,100343.0,100.0,99948.0,100.0,1001.455,3.95,0.5,1000.67
2019-06-28 09:32:51.929408044,117,993.23,100,True,LIMIT_ORDER,100343.0,100.0,99948.0,100.0,1001.455,3.95,0.5,1000.67
2019-06-28 09:32:52.781762005,118,1004.35,100,False,LIMIT_ORDER,100343.0,100.0,99948.0,100.0,1001.455,3.95,0.5,1000.67
2019-06-28 09:32:54.213718521,93,994.38,100,True,ORDER_CANCELLED,100343.0,100.0,99948.0,100.0,1001.455,3.95,0.5,1000.67
2019-06-28 09:32:56.213920172,119,1002.65,100,False,LIMIT_ORDER,100265.0,100.0,99948.0,100.0,1001.065,3.17,0.5,1000.67
2019-06-28 09:33:08.767349640,115,1013.11,100,False,ORDER_CANCELLED,100265.0,100.0,99948.0,100.0,1001.065,3.17,0.5,1000.67
2019-06-28 09:33:10.767444971,120,1017.14,100,False,LIMIT_ORDER,100265.0,100.0,99948.0,100.0,1001.065,3.17,0.5,1000.67
2019-06-28 09:33:18.312366560,121,1010.58,100,False,LIMIT_ORDER,100265.0,100.0,99948.0,100.0,1001.065,3.17,0.5,1000.67
2019-06-28 09:33:38.764759115,122,992.99,100,True,LIMIT_ORDER,100265.0,100.0,99948.0,100.0,1001.065,3.17,0.5,1000.67
2019-06-28 09:33:45.133455818,27,1021.83,100,False,ORDER_CANCELLED,100265.0,100.0,99948.0,100.0,1001.065,3.17,0.5,1000.67
2019-06-28 09:33:46.133602195,123,1017.4,100,False,LIMIT_ORDER,100265.0,100.0,99948.0,100.0,1001.065,3.17,0.5,1000.67
2019-06-28 09:33:46.367823602,124,995.03,100,True,LIMIT_ORDER,100265.0,100.0,99948.0,100.0,1001.065,3.17,0.5,1000.67
2019-06-28 09:33:53.776637457,19,1023.02,100,False,ORDER_CANCELLED,100265.0,100.0,99948.0,100.0,1001.065,3.17,0.5,1000.67
2019-06-28 09:33:54.776761366,125,1002.65,100,True,ORDER_EXECUTED,100343.0,100.0,99948.0,100.0,1001.455,3.95,0.5,1000.7235135135135
2019-06-28 09:33:54.776761366,119,1002.65,100,False,ORDER_EXECUTED,100343.0,100.0,99948.0,100.0,1001.455,3.95,0.5,1000.7742105263158
2019-06-28 09:33:54.776761366,125,1002.65,100,True,LIMIT_ORDER,100343.0,100.0,99948.0,100.0,1001.455,3.95,0.5,1000.7742105263158
2019-06-28 09:34:02.337930934,83,1003.43,100,False,ORDER_CANCELLED,100343.0,100.0,99948.0,100.0,1001.455,3.95,0.5,1000.7742105263158
2019-06-28 09:34:03.335372554,126,994.71,100,True,LIMIT_ORDER,100363.0,100.0,99948.0,100.0,1001.555,4.15,0.5,1000.7742105263158
2019-06-28 09:34:14.909968271,96,995.28,100,True,ORDER_CANCELLED,100363.0,100.0,99948.0,100.0,1001.555,4.15,0.5,1000.7742105263158
2019-06-28 09:34:16.910231126,127,993.21,100,True,LIMIT_ORDER,100363.0,100.0,99948.0,100.0,1001.555,4.15,0.5,1000.7742105263158
2019-06-28 09:34:18.913172904,127,993.21,100,True,ORDER_CANCELLED,100363.0,100.0,99948.0,100.0,1001.555,4.15,0.5,1000.7742105263158
2019-06-28 09:34:19.913748414,128,990.86,100,True,LIMIT_ORDER,100363.0,100.0,99948.0,100.0,1001.555,4.15,0.5,1000.7742105263158
2019-06-28 09:34:33.876747222,129,1002.13,100,False,LIMIT_ORDER,100213.0,100.0,99948.0,100.0,1000.805,2.65,0.5,1000.7742105263158
2019-06-28 09:34:36.521884226,88,992.12,100,True,ORDER_CANCELLED,100213.0,100.0,99948.0,100.0,1000.805,2.65,0.5,1000.7742105263158
2019-06-28 09:34:37.522103628,130,992.9,100,True,LIMIT_ORDER,100213.0,100.0,99948.0,100.0,1000.805,2.65,0.5,1000.7742105263158
2019-06-28 09:34:50.367568166,131,976.77,100,True,LIMIT_ORDER,100213.0,100.0,99948.0,100.0,1000.805,2.65,0.5,1000.7742105263158
2019-06-28 09:35:02.533980236,60,987.61,100,True,ORDER_CANCELLED,100213.0,100.0,99948.0,100.0,1000.805,2.65,0.5,1000.7742105263158
2019-06-28 09:35:03.534200689,132,1011.09,100,False,LIMIT_ORDER,100213.0,100.0,99948.0,100.0,1000.805,2.65,0.5,1000.7742105263158
2019-06-28 09:35:23.623391464,81,986.66,100,True,ORDER_CANCELLED,100213.0,100.0,99948.0,100.0,1000.805,2.65,0.5,1000.7742105263158
2019-06-28 09:35:25.649959525,133,987.11,100,True,LIMIT_ORDER,100213.0,100.0,99948.0,100.0,1000.805,2.65,0.5,1000.7742105263158
2019-06-28 09:35:29.575251866,134,1003.97,100,False,LIMIT_ORDER,100213.0,100.0,99948.0,100.0,1000.805,2.65,0.5,1000.7742105263158
2019-06-28 09:35:30.874771610,10,991.56,100,True,ORDER_CANCELLED,100213.0,100.0,99948.0,100.0,1000.805,2.65,0.5,1000.7742105263158
2019-06-28 09:35:31.874862033,135,993.14,100,True,LIMIT_ORDER,100213.0,100.0,99948.0,100.0,1000.805,2.65,0.5,1000.7742105263158
2019-06-28 09:35:36.194708278,118,1004.35,100,False,ORDER_CANCELLED,100213.0,100.0,99948.0,100.0,1000.805,2.65,0.5,1000.7742105263158
2019-06-28 09:35:37.194887204,136,1005.26,100,False,LIMIT_ORDER,100213.0,100.0,99948.0,100.0,1000.805,2.65,0.5,1000.7742105263158
2019-06-28 09:35:39.092279182,22,1014.88,100,False,ORDER_CANCELLED,100213.0,100.0,99948.0,100.0,1000.805,2.65,0.5,1000.7742105263158
2019-06-28 09:35:40.093132925,137,1023.19,100,False,LIMIT_ORDER,100213.0,100.0,99948.0,100.0,1000.805,2.65,0.5,1000.7742105263158
2019-06-28 09:35:48.525131024,130,992.9,100,True,ORDER_CANCELLED,100213.0,100.0,99948.0,100.0,1000.805,2.65,0.5,1000.7742105263158
2019-06-28 09:35:49.536604782,138,993.28,100,True,LIMIT_ORDER,100213.0,100.0,99948.0,100.0,1000.805,2.65,0.5,1000.7742105263158
2019-06-28 09:35:54.047768586,6,1009.3,100,False,ORDER_CANCELLED,100213.0,100.0,99948.0,100.0,1000.805,2.65,0.5,1000.7742105263158
2019-06-28 09:35:56.047856233,139,1009.84,100,False,LIMIT_ORDER,100213.0,100.0,99948.0,100.0,1000.805,2.65,0.5,1000.7742105263158
2019-06-28 09:36:03.094556443,8,1010.55,100,False,ORDER_CANCELLED,100213.0,100.0,99948.0,100.0,1000.805,2.65,0.5,1000.7742105263158
2019-06-28 09:36:05.094666622,140,998.5,100,True,LIMIT_ORDER,100213.0,100.0,99948.0,100.0,1000.805,2.65,0.5,1000.7742105263158
2019-06-28 09:36:11.363877582,72,1007.34,100,False,ORDER_CANCELLED,100213.0,100.0,99948.0,100.0,1000.805,2.65,0.5,1000.7742105263158
2019-06-28 09:36:12.365241166,141,998.25,100,True,LIMIT_ORDER,100213.0,100.0,99948.0,100.0,1000.805,2.65,0.5,1000.7742105263158
2019-06-28 09:36:18.665557790,112,1013.05,100,False,ORDER_CANCELLED,100213.0,100.0,99948.0,100.0,1000.805,2.65,0.5,1000.7742105263158
2019-06-28 09:36:20.665650113,142,1007.53,100,False,LIMIT_ORDER,100213.0,100.0,99948.0,100.0,1000.805,2.65,0.5,1000.7742105263158
2019-06-28 09:36:42.677614763,143,990.09,100,True,LIMIT_ORDER,100213.0,100.0,99948.0,100.0,1000.805,2.65,0.5,1000.7742105263158
2019-06-28 09:36:50.224707872,139,1009.84,100,False,ORDER_CANCELLED,100213.0,100.0,99948.0,100.0,1000.805,2.65,0.5,1000.7742105263158
2019-06-28 09:36:52.224797773,144,977.91,100,True,LIMIT_ORDER,100213.0,100.0,99948.0,100.0,1000.805,2.65,0.5,1000.7742105263158
2019-06-28 09:36:55.325854822,105,1005.15,100,False,ORDER_CANCELLED,100213.0,100.0,99948.0,100.0,1000.805,2.65,0.5,1000.7742105263158
2019-06-28 09:36:56.325818026,145,990.96,100,True,LIMIT_ORDER,100213.0,100.0,99948.0,100.0,1000.805,2.65,0.5,1000.7742105263158
2019-06-28 09:37:12.066786938,24,993.0,100,True,ORDER_CANCELLED,100213.0,100.0,99948.0,100.0,1000.805,2.65,0.5,1000.7742105263158
2019-06-28 09:37:14.066927738,146,999.48,100,False,ORDER_EXECUTED,100213.0,100.0,99850.0,100.0,1000.315,3.63,0.5,1000.7410256410257
2019-06-28 09:37:14.066927738,108,999.48,100,True,ORDER_EXECUTED,100213.0,100.0,99850.0,100.0,1000.315,3.63,0.5,1000.7095
2019-06-28 09:37:14.066927738,146,999.48,100,False,LIMIT_ORDER,100213.0,100.0,99850.0,100.0,1000.315,3.63,0.5,1000.7095
2019-06-28 09:37:19.807475955,11,991.81,100,True,ORDER_CANCELLED,100213.0,100.0,99850.0,100.0,1000.315,3.63,0.5,1000.7095
2019-06-28 09:37:21.807583110,147,994.77,100,True,LIMIT_ORDER,100213.0,100.0,99850.0,100.0,1000.315,3.63,0.5,1000.7095
2019-06-28 09:37:30.090549497,120,1017.14,100,False,ORDER_CANCELLED,100213.0,100.0,99850.0,100.0,1000.315,3.63,0.5,1000.7095
2019-06-28 09:37:32.090716388,129,1002.13,100,False,ORDER_EXECUTED,100363.0,100.0,99850.0,100.0,1001.065,5.13,0.5,1000.7441463414634
2019-06-28 09:37:32.090716388,148,1002.13,100,True,LIMIT_ORDER,100363.0,100.0,99850.0,100.0,1001.065,5.13,0.5,1000.7441463414634
2019-06-28 09:37:32.090716388,148,1002.13,100,True,ORDER_EXECUTED,100363.0,100.0,99850.0,100.0,1001.065,5.13,0.5,1000.7771428571428
2019-06-28 09:37:34.882630642,149,1001.92,100,False,LIMIT_ORDER,100192.0,100.0,99850.0,100.0,1000.21,3.42,0.5,1000.7771428571428
2019-06-28 09:37:52.205140454,150,1001.92,100,False,LIMIT_ORDER,100192.0,200.0,99850.0,100.0,1000.21,3.42,0.6666666666666666,1000.7771428571428
2019-06-28 09:37:54.258920570,123,1017.4,100,False,ORDER_CANCELLED,100192.0,200.0,99850.0,100.0,1000.21,3.42,0.6666666666666666,1000.7771428571428
2019-06-28 09:37:55.569104193,92,995.03,100,True,ORDER_CANCELLED,100192.0,200.0,99850.0,100.0,1000.21,3.42,0.6666666666666666,1000.7771428571428
2019-06-28 09:37:56.259056167,151,998.69,100,True,LIMIT_ORDER,100192.0,200.0,99869.0,100.0,1000.305,3.23,0.6666666666666666,1000.7771428571428
2019-06-28 09:37:56.569347591,152,995.09,100,True,LIMIT_ORDER,100192.0,200.0,99869.0,100.0,1000.305,3.23,0.6666666666666666,1000.7771428571428
2019-06-28 09:38:02.944047958,40,1015.89,100,False,ORDER_CANCELLED,100192.0,200.0,99869.0,100.0,1000.305,3.23,0.6666666666666666,1000.7771428571428
2019-06-28 09:38:03.944376679,153,1013.19,100,False,LIMIT_ORDER,100192.0,200.0,99869.0,100.0,1000.305,3.23,0.6666666666666666,1000.7771428571428
2019-06-28 09:38:12.400745150,154,1004.95,100,False,LIMIT_ORDER,100192.0,200.0,99869.0,100.0,1000.305,3.23,0.6666666666666666,1000.7771428571428
2019-06-28 09:38:21.011759337,155,1007.04,100,False,LIMIT_ORDER,100192.0,200.0,99869.0,100.0,1000.305,3.23,0.6666666666666666,1000.7771428571428
2019-06-28 09:38:32.182751361,33,1008.61,100,False,ORDER_CANCELLED,100192.0,200.0,99869.0,100.0,1000.305,3.23,0.6666666666666666,1000.7771428571428
2019-06-28 09:38:33.182904147,156,1012.47,100,False,LIMIT_ORDER,100192.0,200.0,99869.0,100.0,1000.305,3.23,0.6666666666666666,1000.7771428571428
2019-06-28 09:38:48.635899250,149,1001.92,100,False,ORDER_EXECUTED,100192.0,100.0,99869.0,100.0,1000.305,3.23,0.5,1000.8037209302325
2019-06-28 09:38:48.635899250,157,1001.92,100,True,LIMIT_ORDER,100192.0,100.0,99869.0,100.0,1000.305,3.23,0.5,1000.8037209302325
2019-06-28 09:38:48.635899250,157,1001.92,100,True,ORDER_EXECUTED,100192.0,100.0,99869.0,100.0,1000.305,3.23,0.5,1000.829090909091
2019-06-28 09:38:55.744623110,113,992.85,100,True,ORDER_CANCELLED,100192.0,100.0,99869.0,100.0,1000.305,3.23,0.5,1000.829090909091
2019-06-28 09:38:57.744769934,158,991.63,100,True,LIMIT_ORDER,100192.0,100.0,99869.0,100.0,1000.305,3.23,0.5,1000.829090909091
2019-06-28 09:39:04.498002179,159,992.51,100,True,LIMIT_ORDER,100192.0,100.0,99869.0,100.0,1000.305,3.23,0.5,1000.829090909091
2019-06-28 09:39:13.270141922,117,993.23,100,True,ORDER_CANCELLED,100192.0,100.0,99869.0,100.0,1000.305,3.23,0.5,1000.829090909091
2019-06-28 09:39:14.269919476,160,994.0,100,True,LIMIT_ORDER,100192.0,100.0,99869.0,100.0,1000.305,3.23,0.5,1000.829090909091
2019-06-28 09:39:15.614525952,75,987.0,100,True,ORDER_CANCELLED,100192.0,100.0,99869.0,100.0,1000.305,3.23,0.5,1000.829090909091
2019-06-28 09:39:16.614954585,161,977.76,100,True,LIMIT_ORDER,100192.0,100.0,99869.0,100.0,1000.305,3.23,0.5,1000.829090909091
2019-06-28 09:39:17.423902157,110,1009.55,100,False,ORDER_CANCELLED,100192.0,100.0,99869.0,100.0,1000.305,3.23,0.5,1000.829090909091
2019-06-28 09:39:19.424036505,162,1005.78,100,False,LIMIT_ORDER,100192.0,100.0,99869.0,100.0,1000.305,3.23,0.5,1000.829090909091
2019-06-28 09:39:37.965133954,142,1007.53,100,False,ORDER_CANCELLED,100192.0,100.0,99869.0,100.0,1000.305,3.23,0.5,1000.829090909091
2019-06-28 09:39:38.965202123,163,1010.66,100,False,LIMIT_ORDER,100192.0,100.0,99869.0,100.0,1000.305,3.23,0.5,1000.829090909091
2019-06-28 09:39:42.703330841,161,977.76,100,True,ORDER_CANCELLED,100192.0,100.0,99869.0,100.0,1000.305,3.23,0.5,1000.829090909091
2019-06-28 09:39:44.703654867,164,990.44,100,True,LIMIT_ORDER,100192.0,100.0,99869.0,100.0,1000.305,3.23,0.5,1000.829090909091
2019-06-28 09:39:46.936248215,165,986.94,100,True,LIMIT_ORDER,100192.0,100.0,99869.0,100.0,1000.305,3.23,0.5,1000.829090909091
2019-06-28 09:40:00.160164802,13,995.63,100,True,ORDER_CANCELLED,100192.0,100.0,99869.0,100.0,1000.305,3.23,0.5,1000.829090909091
2019-06-28 09:40:02.160334306,166,1009.48,100,False,LIMIT_ORDER,100192.0,100.0,99869.0,100.0,1000.305,3.23,0.5,1000.829090909091
2019-06-28 09:40:03.176661872,74,991.8,100,True,ORDER_CANCELLED,100192.0,100.0,99869.0,100.0,1000.305,3.23,0.5,1000.829090909091
2019-06-28 09:40:04.177096519,167,990.72,100,True,LIMIT_ORDER,100192.0,100.0,99869.0,100.0,1000.305,3.23,0.5,1000.829090909091
2019-06-28 09:40:09.731314372,168,997.03,100,True,LIMIT_ORDER,100192.0,100.0,99869.0,100.0,1000.305,3.23,0.5,1000.829090909091
2019-06-28 09:40:16.890549468,62,995.96,100,True,ORDER_CANCELLED,100192.0,100.0,99869.0,100.0,1000.305,3.23,0.5,1000.829090909091
2019-06-28 09:40:18.890812488,169,1003.71,100,False,LIMIT_ORDER,100192.0,100.0,99869.0,100.0,1000.305,3.23,0.5,1000.829090909091
2019-06-28 09:40:54.456184248,136,1005.26,100,False,ORDER_CANCELLED,100192.0,100.0,99869.0,100.0,1000.305,3.23,0.5,1000.829090909091
2019-06-28 09:40:56.144419469,170,995.75,100,True,LIMIT_ORDER,100192.0,100.0,99869.0,100.0,1000.305,3.23,0.5,1000.829090909091
2019-06-28 09:40:56.456820204,171,997.75,100,True,LIMIT_ORDER,100192.0,100.0,99869.0,100.0,1000.305,3.23,0.5,1000.829090909091
2019-06-28 09:41:24.189235927,155,1007.04,100,False,ORDER_CANCELLED,100192.0,100.0,99869.0,100.0,1000.305,3.23,0.5,1000.829090909091
2019-06-28 09:41:25.189365453,172,999.52,100,True,LIMIT_ORDER,100192.0,100.0,99952.0,100.0,1000.72,2.4,0.5,1000.829090909091
2019-06-28 09:41:31.965837683,128,990.86,100,True,ORDER_CANCELLED,100192.0,100.0,99952.0,100.0,1000.72,2.4,0.5,1000.829090909091
2019-06-28 09:41:32.501950593,91,1006.07,100,False,ORDER_CANCELLED,100192.0,100.0,99952.0,100.0,1000.72,2.4,0.5,1000.829090909091
2019-06-28 09:41:32.966062716,173,1005.44,100,False,LIMIT_ORDER,100192.0,100.0,99952.0,100.0,1000.72,2.4,0.5,1000.829090909091
2019-06-28 09:41:34.503315333,174,991.2,100,True,LIMIT_ORDER,100192.0,100.0,99952.0,100.0,1000.72,2.4,0.5,1000.829090909091
2019-06-28 09:41:47.884489206,17,992.21,100,True,ORDER_CANCELLED,100192.0,100.0,99952.0,100.0,1000.72,2.4,0.5,1000.829090909091
2019-06-28 09:41:49.884594590,175,1004.85,100,False,LIMIT_ORDER,100192.0,100.0,99952.0,100.0,1000.72,2.4,0.5,1000.829090909091
2019-06-28 09:41:52.707934336,166,1009.48,100,False,ORDER_CANCELLED,100192.0,100.0,99952.0,100.0,1000.72,2.4,0.5,1000.829090909091
2019-06-28 09:41:53.708024678,176,993.76,100,True,LIMIT_ORDER,100192.0,100.0,99952.0,100.0,1000.72,2.4,0.5,1000.829090909091
2019-06-28 09:42:02.289834513,177,997.13,100,True,LIMIT_ORDER,100192.0,100.0,99952.0,100.0,1000.72,2.4,0.5,1000.829090909091
2019-06-28 09:42:04.221721920,12,988.57,100,True,ORDER_CANCELLED,100192.0,100.0,99952.0,100.0,1000.72,2.4,0.5,1000.829090909091
2019-06-28 09:42:05.227104060,178,995.92,100,True,LIMIT_ORDER,100192.0,100.0,99952.0,100.0,1000.72,2.4,0.5,1000.829090909091
2019-06-28 09:42:13.004374885,145,990.96,100,True,ORDER_CANCELLED,100192.0,100.0,99952.0,100.0,1000.72,2.4,0.5,1000.829090909091
2019-06-28 09:42:14.004046704,179,1006.96,100,False,LIMIT_ORDER,100192.0,100.0,99952.0,100.0,1000.72,2.4,0.5,1000.829090909091
2019-06-28 09:42:16.529371547,52,1005.9,100,False,ORDER_CANCELLED,100192.0,100.0,99952.0,100.0,1000.72,2.4,0.5,1000.829090909091
2019-06-28 09:42:18.529505800,180,997.77,100,True,LIMIT_ORDER,100192.0,100.0,99952.0,100.0,1000.72,2.4,0.5,1000.829090909091
2019-06-28 09:42:20.844228247,114,1012.68,100,False,ORDER_CANCELLED,100192.0,100.0,99952.0,100.0,1000.72,2.4,0.5,1000.829090909091
2019-06-28 09:42:22.858165661,181,992.8,100,True,LIMIT_ORDER,100192.0,100.0,99952.0,100.0,1000.72,2.4,0.5,1000.829090909091
2019-06-28 09:42:27.683170971,31,991.68,100,True,ORDER_CANCELLED,100192.0,100.0,99952.0,100.0,1000.72,2.4,0.5,1000.829090909091
2019-06-28 09:42:28.683261325,182,1002.58,100,False,LIMIT_ORDER,100192.0,100.0,99952.0,100.0,1000.72,2.4,0.5,1000.829090909091
2019-06-28 09:42:34.435282707,140,998.5,100,True,ORDER_CANCELLED,100192.0,100.0,99952.0,100.0,1000.72,2.4,0.5,1000.829090909091
2019-06-28 09:42:34.703778329,167,990.72,100,True,ORDER_CANCELLED,100192.0,100.0,99952.0,100.0,1000.72,2.4,0.5,1000.829090909091
2019-06-28 09:42:35.703758136,183,990.89,100,True,LIMIT_ORDER,100192.0,100.0,99952.0,100.0,1000.72,2.4,0.5,1000.829090909091
2019-06-28 09:42:36.435717093,184,999.15,100,True,LIMIT_ORDER,100192.0,100.0,99952.0,100.0,1000.72,2.4,0.5,1000.829090909091
2019-06-28 09:42:37.089339793,185,1006.5,100,False,LIMIT_ORDER,100192.0,100.0,99952.0,100.0,1000.72,2.4,0.5,1000.829090909091
2019-06-28 09:42:44.132260209,143,990.09,100,True,ORDER_CANCELLED,100192.0,100.0,99952.0,100.0,1000.72,2.4,0.5,1000.829090909091
2019-06-28 09:42:45.968536840,64,991.17,100,True,ORDER_CANCELLED,100192.0,100.0,99952.0,100.0,1000.72,2.4,0.5,1000.829090909091
2019-06-28 09:42:46.132480944,186,991.04,100,True,LIMIT_ORDER,100192.0,100.0,99952.0,100.0,1000.72,2.4,0.5,1000.829090909091
2019-06-28 09:42:46.968615608,187,1002.41,100,False,LIMIT_ORDER,100192.0,100.0,99952.0,100.0,1000.72,2.4,0.5,1000.829090909091
2019-06-28 09:43:07.336619248,188,1007.25,100,False,LIMIT_ORDER,100192.0,100.0,99952.0,100.0,1000.72,2.4,0.5,1000.829090909091
2019-06-28 09:43:23.888138012,189,1006.77,100,False,LIMIT_ORDER,100192.0,100.0,99952.0,100.0,1000.72,2.4,0.5,1000.829090909091
2019-06-28 09:43:28.318374480,152,995.09,100,True,ORDER_CANCELLED,100192.0,100.0,99952.0,100.0,1000.72,2.4,0.5,1000.829090909091
2019-06-28 09:43:30.318637322,190,1008.58,100,False,LIMIT_ORDER,100192.0,100.0,99952.0,100.0,1000.72,2.4,0.5,1000.829090909091
2019-06-28 09:43:38.159079977,100,1005.79,100,False,ORDER_CANCELLED,100192.0,100.0,99952.0,100.0,1000.72,2.4,0.5,1000.829090909091
2019-06-28 09:43:40.159323047,191,982.12,100,True,LIMIT_ORDER,100192.0,100.0,99952.0,100.0,1000.72,2.4,0.5,1000.829090909091
2019-06-28 09:43:54.007460395,18,995.77,100,True,ORDER_CANCELLED,100192.0,100.0,99952.0,100.0,1000.72,2.4,0.5,1000.829090909091
2019-06-28 09:43:55.007542176,192,994.51,100,True,LIMIT_ORDER,100192.0,100.0,99952.0,100.0,1000.72,2.4,0.5,1000.829090909091
2019-06-28 09:43:56.894389505,150,1001.92,100,False,ORDER_CANCELLED,100192.0,100.0,99952.0,100.0,1000.72,2.4,0.5,1000.829090909091
2019-06-28 09:43:57.681278921,193,990.92,100,True,LIMIT_ORDER,100241.0,100.0,99952.0,100.0,1000.965,2.89,0.5,1000.829090909091
2019-06-28 09:43:58.894548143,194,1008.61,100,False,LIMIT_ORDER,100241.0,100.0,99952.0,100.0,1000.965,2.89,0.5,1000.829090909091
2019-06-28 09:44:02.049534041,132,1011.09,100,False,ORDER_CANCELLED,100241.0,100.0,99952.0,100.0,1000.965,2.89,0.5,1000.829090909091
2019-06-28 09:44:04.049715881,195,1014.79,100,False,LIMIT_ORDER,100241.0,100.0,99952.0,100.0,1000.965,2.89,0.5,1000.829090909091
2019-06-28 09:44:25.642566193,195,1014.79,100,False,ORDER_CANCELLED,100241.0,100.0,99952.0,100.0,1000.965,2.89,0.5,1000.829090909091
2019-06-28 09:44:27.643041099,196,984.26,100,True,LIMIT_ORDER,100241.0,100.0,99952.0,100.0,1000.965,2.89,0.5,1000.829090909091
2019-06-28 09:44:30.191183231,197,989.22,100,True,LIMIT_ORDER,100241.0,100.0,99952.0,100.0,1000.965,2.89,0.5,1000.829090909091
2019-06-28 09:44:31.815701756,193,990.92,100,True,ORDER_CANCELLED,100241.0,100.0,99952.0,100.0,1000.965,2.89,0.5,1000.829090909091
2019-06-28 09:44:33.815781414,198,999.61,100,False,LIMIT_ORDER,99961.0,100.0,99952.0,100.0,999.565,0.09,0.5,1000.829090909091
2019-06-28 09:44:39.609225681,153,1013.19,100,False,ORDER_CANCELLED,99961.0,100.0,99952.0,100.0,999.565,0.09,0.5,1000.829090909091
2019-06-28 09:44:41.609882421,199,994.59,100,True,LIMIT_ORDER,99961.0,100.0,99952.0,100.0,999.565,0.09,0.5,1000.829090909091
2019-06-28 09:44:51.265445953,131,976.77,100,True,ORDER_CANCELLED,99961.0,100.0,99952.0,100.0,999.565,0.09,0.5,1000.829090909091
2019-06-28 09:44:52.265573836,172,999.52,100,True,ORDER_EXECUTED,99961.0,100.0,99915.0,100.0,999.38,0.46,0.5,1000.8
2019-06-28 09:44:52.265573836,200,999.52,100,False,ORDER_EXECUTED,99961.0,100.0,99915.0,100.0,999.38,0.46,0.5,1000.7721739130435
2019-06-28 09:44:52.265573836,200,999.52,100,False,LIMIT_ORDER,99961.0,100.0,99915.0,100.0,999.38,0.46,0.5,1000.7721739130435
2019-06-28 09:45:07.942547286,201,1017.9,100,False,LIMIT_ORDER,99961.0,100.0,99915.0,100.0,999.38,0.46,0.5,1000.7721739130435
2019-06-28 09:45:19.407197167,144,977.91,100,True,ORDER_CANCELLED,99961.0,100.0,99915.0,100.0,999.38,0.46,0.5,1000.7721739130435
2019-06-28 09:45:21.407509682,202,999.15,100,False,ORDER_EXECUTED,99961.0,100.0,99869.0,100.0,999.15,0.92,0.5,1000.7376595744681
2019-06-28 09:45:21.407509682,184,999.15,100,True,ORDER_EXECUTED,99961.0,100.0,99869.0,100.0,999.15,0.92,0.5,1000.7045833333333
2019-06-28 09:45:21.407509682,202,999.15,100,False,LIMIT_ORDER,99961.0,100.0,99869.0,100.0,999.15,0.92,0.5,1000.7045833333333
2019-06-28 09:45:31.113733057,38,1004.39,100,False,ORDER_CANCELLED,99961.0,100.0,99869.0,100.0,999.15,0.92,0.5,1000.7045833333333
2019-06-28 09:45:33.113876977,203,1002.52,100,False,LIMIT_ORDER,99961.0,100.0,99869.0,100.0,999.15,0.92,0.5,1000.7045833333333
2019-06-28 09:45:39.542469004,168,997.03,100,True,ORDER_CANCELLED,99961.0,100.0,99869.0,100.0,999.15,0.92,0.5,1000.7045833333333
2019-06-28 09:45:40.541749462,204,997.87,100,True,LIMIT_ORDER,99961.0,100.0,99869.0,100.0,999.15,0.92,0.5,1000.7045833333333
2019-06-28 09:45:50.395910347,73,991.2,100,True,ORDER_CANCELLED,99961.0,100.0,99869.0,100.0,999.15,0.92,0.5,1000.7045833333333
2019-06-28 09:45:52.396067183,205,1004.57,100,False,LIMIT_ORDER,99961.0,100.0,99869.0,100.0,999.15,0.92,0.5,1000.7045833333333
2019-06-28 09:45:52.469636556,206,996.95,100,True,LIMIT_ORDER,99961.0,100.0,99869.0,100.0,999.15,0.92,0.5,1000.7045833333333
2019-06-28 09:45:55.308645586,41,1008.13,100,False,ORDER_CANCELLED,99961.0,100.0,99869.0,100.0,999.15,0.92,0.5,1000.7045833333333
2019-06-28 09:45:57.308862593,207,997.64,100,True,LIMIT_ORDER,99961.0,100.0,99869.0,100.0,999.15,0.92,0.5,1000.7045833333333
2019-06-28 09:46:32.532453874,178,995.92,100,True,ORDER_CANCELLED,99961.0,100.0,99869.0,100.0,999.15,0.92,0.5,1000.7045833333333
2019-06-28 09:46:33.532468493,208,1019.21,100,False,LIMIT_ORDER,99961.0,100.0,99869.0,100.0,999.15,0.92,0.5,1000.7045833333333
2019-06-28 09:46:45.307147314,209,986.29,100,True,LIMIT_ORDER,99961.0,100.0,99869.0,100.0,999.15,0.92,0.5,1000.7045833333333
2019-06-28 09:47:12.169835126,87,1005.48,100,False,ORDER_CANCELLED,99961.0,100.0,99869.0,100.0,999.15,0.92,0.5,1000.7045833333333
2019-06-28 09:47:14.169966644,210,999.61,100,True,LIMIT_ORDER,100241.0,100.0,99869.0,100.0,1000.55,3.72,0.5,1000.7045833333333
2019-06-28 09:47:14.169966644,210,999.61,100,True,ORDER_EXECUTED,100241.0,100.0,99869.0,100.0,1000.55,3.72,0.5,1000.6822448979592
2019-06-28 09:47:14.169966644,198,999.61,100,False,ORDER_EXECUTED,100241.0,100.0,99869.0,100.0,1000.55,3.72,0.5,1000.6608
2019-06-28 09:47:17.623355421,211,999.49,100,False,LIMIT_ORDER,99949.0,100.0,99869.0,100.0,999.09,0.8,0.5,1000.6608
2019-06-28 09:47:30.700595299,158,991.63,100,True,ORDER_CANCELLED,99949.0,100.0,99869.0,100.0,999.09,0.8,0.5,1000.6608
2019-06-28 09:47:31.700395381,212,990.92,100,True,LIMIT_ORDER,99949.0,100.0,99869.0,100.0,999.09,0.8,0.5,1000.6608
2019-06-28 09:47:36.598284586,116,989.56,100,True,ORDER_CANCELLED,99949.0,100.0,99869.0,100.0,999.09,0.8,0.5,1000.6608
2019-06-28 09:47:37.032001445,162,1005.78,100,False,ORDER_CANCELLED,99949.0,100.0,99869.0,100.0,999.09,0.8,0.5,1000.6608
2019-06-28 09:47:37.598444238,213,985.89,100,True,LIMIT_ORDER,99949.0,100.0,99869.0,100.0,999.09,0.8,0.5,1000.6608
2019-06-28 09:47:37.804315397,182,1002.58,100,False,ORDER_CANCELLED,99949.0,100.0,99869.0,100.0,999.09,0.8,0.5,1000.6608
2019-06-28 09:47:39.032180699,214,993.99,100,True,LIMIT_ORDER,99949.0,100.0,99869.0,100.0,999.09,0.8,0.5,1000.6608
2019-06-28 09:47:39.804450069,215,1002.42,100,False,LIMIT_ORDER,99949.0,100.0,99869.0,100.0,999.09,0.8,0.5,1000.6608
2019-06-28 09:47:48.033310163,138,993.28,100,True,ORDER_CANCELLED,99949.0,100.0,99869.0,100.0,999.09,0.8,0.5,1000.6608
2019-06-28 09:47:49.034125857,216,999.3,100,False,LIMIT_ORDER,99930.0,100.0,99869.0,100.0,998.995,0.61,0.5,1000.6608
2019-06-28 09:47:55.944141627,154,1004.95,100,False,ORDER_CANCELLED,99930.0,100.0,99869.0,100.0,998.995,0.61,0.5,1000.6608
2019-06-28 09:47:56.944397377,217,999.3,100,True,LIMIT_ORDER,99949.0,100.0,99869.0,100.0,999.09,0.8,0.5,1000.6608
2019-06-28 09:47:56.944397377,216,999.3,100,False,ORDER_EXECUTED,99949.0,100.0,99869.0,100.0,999.09,0.8,0.5,1000.6341176470588
2019-06-28 09:47:56.944397377,217,999.3,100,True,ORDER_EXECUTED,99949.0,100.0,99869.0,100.0,999.09,0.8,0.5,1000.6084615384615
2019-06-28 09:47:59.590555364,218,1001.87,100,False,LIMIT_ORDER,99949.0,100.0,99869.0,100.0,999.09,0.8,0.5,1000.6084615384615
2019-06-28 09:48:00.590542916,218,1001.87,100,False,ORDER_CANCELLED,99949.0,100.0,99869.0,100.0,999.09,0.8,0.5,1000.6084615384615
2019-06-28 09:48:02.590672753,219,1001.79,100,False,LIMIT_ORDER,99949.0,100.0,99869.0,100.0,999.09,0.8,0.5,1000.6084615384615
2019-06-28 09:48:12.811701945,173,1005.44,100,False,ORDER_CANCELLED,99949.0,100.0,99869.0,100.0,999.09,0.8,0.5,1000.6084615384615
2019-06-28 09:48:14.823561179,220,1006.99,100,False,LIMIT_ORDER,99949.0,100.0,99869.0,100.0,999.09,0.8,0.5,1000.6084615384615
2019-06-28 09:48:18.803202830,28,1003.63,100,False,ORDER_CANCELLED,99949.0,100.0,99869.0,100.0,999.09,0.8,0.5,1000.6084615384615
2019-06-28 09:48:20.803646761,221,991.8,100,True,LIMIT_ORDER,99949.0,100.0,99869.0,100.0,999.09,0.8,0.5,1000.6084615384615
2019-06-28 09:48:24.915010918,222,989.2,100,True,LIMIT_ORDER,99949.0,100.0,99869.0,100.0,999.09,0.8,0.5,1000.6084615384615
2019-06-28 09:48:40.423069221,163,1010.66,100,False,ORDER_CANCELLED,99949.0,100.0,99869.0,100.0,999.09,0.8,0.5,1000.6084615384615
2019-06-28 09:48:42.423378535,223,999.49,100,True,ORDER_EXECUTED,100179.0,100.0,99869.0,100.0,1000.24,3.1,0.5,1000.5873584905661
2019-06-28 09:48:42.423378535,223,999.49,100,True,LIMIT_ORDER,100179.0,100.0,99869.0,100.0,1000.24,3.1,0.5,1000.5873584905661
2019-06-28 09:48:42.423378535,211,999.49,100,False,ORDER_EXECUTED,100179.0,100.0,99869.0,100.0,1000.24,3.1,0.5,1000.567037037037
2019-06-28 09:48:55.540540214,181,992.8,100,True,ORDER_CANCELLED,100179.0,100.0,99869.0,100.0,1000.24,3.1,0.5,1000.567037037037
2019-06-28 09:48:56.544994410,224,991.21,100,True,LIMIT_ORDER,100179.0,100.0,99869.0,100.0,1000.24,3.1,0.5,1000.567037037037
2019-06-28 09:48:58.777744807,208,1019.21,100,False,ORDER_CANCELLED,100179.0,100.0,99869.0,100.0,1000.24,3.1,0.5,1000.567037037037
2019-06-28 09:48:59.777891799,225,1021.52,100,False,LIMIT_ORDER,100179.0,100.0,99869.0,100.0,1000.24,3.1,0.5,1000.567037037037
2019-06-28 09:49:01.409500208,224,991.21,100,True,ORDER_CANCELLED,100179.0,100.0,99869.0,100.0,1000.24,3.1,0.5,1000.567037037037
2019-06-28 09:49:02.409618691,226,1013.14,100,False,LIMIT_ORDER,100179.0,100.0,99869.0,100.0,1000.24,3.1,0.5,1000.567037037037
2019-06-28 09:49:13.697209032,147,994.77,100,True,ORDER_CANCELLED,100179.0,100.0,99869.0,100.0,1000.24,3.1,0.5,1000.567037037037
2019-06-28 09:49:14.697273169,227,992.46,100,True,LIMIT_ORDER,100179.0,100.0,99869.0,100.0,1000.24,3.1,0.5,1000.567037037037
2019-06-28 09:49:22.394567349,187,1002.41,100,False,ORDER_CANCELLED,100179.0,100.0,99869.0,100.0,1000.24,3.1,0.5,1000.567037037037
2019-06-28 09:49:23.084622488,85,994.03,100,True,ORDER_CANCELLED,100179.0,100.0,99869.0,100.0,1000.24,3.1,0.5,1000.567037037037
2019-06-28 09:49:23.394174238,228,991.36,100,True,LIMIT_ORDER,100179.0,100.0,99869.0,100.0,1000.24,3.1,0.5,1000.567037037037
2019-06-28 09:49:24.084350049,229,993.61,100,True,LIMIT_ORDER,100179.0,100.0,99869.0,100.0,1000.24,3.1,0.5,1000.567037037037
2019-06-28 09:49:40.741652480,194,1008.61,100,False,ORDER_CANCELLED,100179.0,100.0,99869.0,100.0,1000.24,3.1,0.5,1000.567037037037
2019-06-28 09:49:41.741788930,230,999.13,100,True,LIMIT_ORDER,100179.0,100.0,99913.0,100.0,1000.46,2.66,0.5,1000.567037037037
2019-06-28 09:49:58.828217923,30,994.51,100,True,ORDER_CANCELLED,100179.0,100.0,99913.0,100.0,1000.46,2.66,0.5,1000.567037037037
2019-06-28 09:49:59.772955540,156,1012.47,100,False,ORDER_CANCELLED,100179.0,100.0,99913.0,100.0,1000.46,2.66,0.5,1000.567037037037
2019-06-28 09:50:00.416401306,76,995.58,100,True,ORDER_CANCELLED,100179.0,100.0,99913.0,100.0,1000.46,2.66,0.5,1000.567037037037
2019-06-28 09:50:00.828385511,231,994.01,100,True,LIMIT_ORDER,100179.0,100.0,99913.0,100.0,1000.46,2.66,0.5,1000.567037037037
2019-06-28 09:50:01.415361447,232,1016.43,100,False,LIMIT_ORDER,100179.0,100.0,99913.0,100.0,1000.46,2.66,0.5,1000.567037037037
2019-06-28 09:50:01.773110005,233,1007.84,100,False,LIMIT_ORDER,100179.0,100.0,99913.0,100.0,1000.46,2.66,0.5,1000.567037037037
2019-06-28 09:50:08.495279084,124,995.03,100,True,ORDER_CANCELLED,100179.0,100.0,99913.0,100.0,1000.46,2.66,0.5,1000.567037037037
2019-06-28 09:50:10.495465822,234,987.15,100,True,LIMIT_ORDER,100179.0,100.0,99913.0,100.0,1000.46,2.66,0.5,1000.567037037037
2019-06-28 09:50:16.829757275,219,1001.79,100,False,ORDER_EXECUTED,100242.0,100.0,99913.0,100.0,1000.775,3.29,0.5,1000.5892727272727
2019-06-28 09:50:16.829757275,235,1001.79,100,True,LIMIT_ORDER,100242.0,100.0,99913.0,100.0,1000.775,3.29,0.5,1000.5892727272727
2019-06-28 09:50:16.829757275,235,1001.79,100,True,ORDER_EXECUTED,100242.0,100.0,99913.0,100.0,1000.775,3.29,0.5,1000.6107142857143
2019-06-28 09:50:21.143622917,233,1007.84,100,False,ORDER_CANCELLED,100242.0,100.0,99913.0,100.0,1000.775,3.29,0.5,1000.6107142857143
2019-06-28 09:50:21.437164435,207,997.64,100,True,ORDER_CANCELLED,100242.0,100.0,99913.0,100.0,1000.775,3.29,0.5,1000.6107142857143
2019-06-28 09:50:22.437318013,236,1007.77,100,False,LIMIT_ORDER,100242.0,100.0,99913.0,100.0,1000.775,3.29,0.5,1000.6107142857143
2019-06-28 09:50:22.511309843,53,991.42,100,True,ORDER_CANCELLED,100242.0,100.0,99913.0,100.0,1000.775,3.29,0.5,1000.6107142857143
2019-06-28 09:50:23.143792489,237,1000.74,100,True,LIMIT_ORDER,100242.0,100.0,100074.0,100.0,1001.58,1.68,0.5,1000.6107142857143
2019-06-28 09:50:24.511475810,238,991.31,100,True,LIMIT_ORDER,100242.0,100.0,100074.0,100.0,1001.58,1.68,0.5,1000.6107142857143
2019-06-28 09:50:51.122661833,196,984.26,100,True,ORDER_CANCELLED,100242.0,100.0,100074.0,100.0,1001.58,1.68,0.5,1000.6107142857143
2019-06-28 09:50:53.122877879,239,995.2,100,True,LIMIT_ORDER,100242.0,100.0,100074.0,100.0,1001.58,1.68,0.5,1000.6107142857143
2019-06-28 09:50:55.517523757,201,1017.9,100,False,ORDER_CANCELLED,100242.0,100.0,100074.0,100.0,1001.58,1.68,0.5,1000.6107142857143
2019-06-28 09:50:57.518516379,215,1002.42,100,False,ORDER_EXECUTED,100252.0,100.0,100074.0,100.0,1001.63,1.78,0.5,1000.6424561403509
2019-06-28 09:50:57.518516379,240,1002.42,100,True,LIMIT_ORDER,100252.0,100.0,100074.0,100.0,1001.63,1.78,0.5,1000.6424561403509
2019-06-28 09:50:57.518516379,240,1002.42,100,True,ORDER_EXECUTED,100252.0,100.0,100074.0,100.0,1001.63,1.78,0.5,1000.6731034482758
2019-06-28 09:51:21.571575052,241,1017.57,100,False,LIMIT_ORDER,100252.0,100.0,100074.0,100.0,1001.63,1.78,0.5,1000.6731034482758
2019-06-28 09:51:29.087979810,242,997.81,100,True,LIMIT_ORDER,100252.0,100.0,100074.0,100.0,1001.63,1.78,0.5,1000.6731034482758
2019-06-28 09:51:39.924010996,183,990.89,100,True,ORDER_CANCELLED,100252.0,100.0,100074.0,100.0,1001.63,1.78,0.5,1000.6731034482758
2019-06-28 09:51:41.925187732,237,1000.74,100,True,ORDER_EXECUTED,100252.0,100.0,99913.0,100.0,1000.825,3.39,0.5,1000.6742372881356
2019-06-28 09:51:41.925187732,243,1000.74,100,False,ORDER_EXECUTED,100252.0,100.0,99913.0,100.0,1000.825,3.39,0.5,1000.6753333333334
2019-06-28 09:51:41.925187732,243,1000.74,100,False,LIMIT_ORDER,100252.0,100.0,99913.0,100.0,1000.825,3.39,0.5,1000.6753333333334
2019-06-28 09:51:54.022740582,230,999.13,100,True,ORDER_EXECUTED,100252.0,100.0,99869.0,100.0,1000.605,3.83,0.5,1000.65
2019-06-28 09:51:54.022740582,244,999.13,100,False,ORDER_EXECUTED,100252.0,100.0,99869.0,100.0,1000.605,3.83,0.5,1000.6254838709677
2019-06-28 09:51:54.022740582,244,999.13,100,False,LIMIT_ORDER,100252.0,100.0,99869.0,100.0,1000.605,3.83,0.5,1000.6254838709677
2019-06-28 09:51:54.265420114,231,994.01,100,True,ORDER_CANCELLED,100252.0,100.0,99869.0,100.0,1000.605,3.83,0.5,1000.6254838709677
2019-06-28 09:51:55.265602945,245,1006.95,100,False,LIMIT_ORDER,100252.0,100.0,99869.0,100.0,1000.605,3.83,0.5,1000.6254838709677
2019-06-28 09:52:09.043948847,104,1006.17,100,False,ORDER_CANCELLED,100252.0,100.0,99869.0,100.0,1000.605,3.83,0.5,1000.6254838709677
2019-06-28 09:52:09.564882182,227,992.46,100,True,ORDER_CANCELLED,100252.0,100.0,99869.0,100.0,1000.605,3.83,0.5,1000.6254838709677
2019-06-28 09:52:10.565160358,246,994.65,100,True,LIMIT_ORDER,100252.0,100.0,99869.0,100.0,1000.605,3.83,0.5,1000.6254838709677
2019-06-28 09:52:11.044162409,247,989.76,100,True,LIMIT_ORDER,100252.0,100.0,99869.0,100.0,1000.605,3.83,0.5,1000.6254838709677
2019-06-28 09:52:25.771007549,58,996.24,100,True,ORDER_CANCELLED,100252.0,100.0,99869.0,100.0,1000.605,3.83,0.5,1000.6254838709677
2019-06-28 09:52:26.771111351,248,1006.02,100,False,LIMIT_ORDER,100252.0,100.0,99869.0,100.0,1000.605,3.83,0.5,1000.6254838709677
2019-06-28 09:52:58.686266795,82,1007.21,100,False,ORDER_CANCELLED,100252.0,100.0,99869.0,100.0,1000.605,3.83,0.5,1000.6254838709677
2019-06-28 09:52:59.684192190,249,1007.14,100,False,LIMIT_ORDER,100252.0,100.0,99869.0,100.0,1000.605,3.83,0.5,1000.6254838709677
2019-06-28 09:53:10.063728539,234,987.15,100,True,ORDER_CANCELLED,100252.0,100.0,99869.0,100.0,1000.605,3.83,0.5,1000.6254838709677
2019-06-28 09:53:10.234093801,250,993.19,100,True,LIMIT_ORDER,100252.0,100.0,99869.0,100.0,1000.605,3.83,0.5,1000.6254838709677
2019-06-28 09:53:11.063819710,251,989.42,100,True,LIMIT_ORDER,100252.0,100.0,99869.0,100.0,1000.605,3.83,0.5,1000.6254838709677
2019-06-28 09:53:11.364363674,252,999.61,100,True,LIMIT_ORDER,100252.0,100.0,99961.0,100.0,1001.065,2.91,0.5,1000.6254838709677
2019-06-28 09:53:38.450687419,68,988.28,100,True,ORDER_CANCELLED,100252.0,100.0,99961.0,100.0,1001.065,2.91,0.5,1000.6254838709677
2019-06-28 09:53:39.451505981,253,997.32,100,True,LIMIT_ORDER,100252.0,100.0,99961.0,100.0,1001.065,2.91,0.5,1000.6254838709677
2019-06-28 09:53:48.025362679,45,992.49,100,True,ORDER_CANCELLED,100252.0,100.0,99961.0,100.0,1001.065,2.91,0.5,1000.6254838709677
2019-06-28 09:53:48.881157672,177,997.13,100,True,ORDER_CANCELLED,100252.0,100.0,99961.0,100.0,1001.065,2.91,0.5,1000.6254838709677
2019-06-28 09:53:50.025657244,254,990.55,100,True,LIMIT_ORDER,100252.0,100.0,99961.0,100.0,1001.065,2.91,0.5,1000.6254838709677
2019-06-28 09:53:50.882723114,255,996.61,100,True,LIMIT_ORDER,100252.0,100.0,99961.0,100.0,1001.065,2.91,0.5,1000.6254838709677
2019-06-28 09:54:00.232230018,251,989.42,100,True,ORDER_CANCELLED,100252.0,100.0,99961.0,100.0,1001.065,2.91,0.5,1000.6254838709677
2019-06-28 09:54:02.232401754,256,999.61,100,False,ORDER_EXECUTED,100252.0,100.0,99869.0,100.0,1000.605,3.83,0.5,1000.609365079365
2019-06-28 09:54:02.232401754,252,999.61,100,True,ORDER_EXECUTED,100252.0,100.0,99869.0,100.0,1000.605,3.83,0.5,1000.59375
2019-06-28 09:54:02.232401754,256,999.61,100,False,LIMIT_ORDER,100252.0,100.0,99869.0,100.0,1000.605,3.83,0.5,1000.59375
2019-06-28 09:54:11.047078652,245,1006.95,100,False,ORDER_CANCELLED,100252.0,100.0,99869.0,100.0,1000.605,3.83,0.5,1000.59375
2019-06-28 09:54:12.047305891,257,998.27,100,True,LIMIT_ORDER,100252.0,100.0,99869.0,100.0,1000.605,3.83,0.5,1000.59375
2019-06-28 09:54:23.635052531,133,987.11,100,True,ORDER_CANCELLED,100252.0,100.0,99869.0,100.0,1000.605,3.83,0.5,1000.59375
2019-06-28 09:54:24.661896163,258,998.69,100,False,LIMIT_ORDER,100252.0,100.0,99827.0,100.0,1000.395,4.25,0.5,1000.59375
2019-06-28 09:54:24.661896163,151,998.69,100,True,ORDER_EXECUTED,100252.0,100.0,99827.0,100.0,1000.395,4.25,0.5,1000.5644615384615
2019-06-28 09:54:24.661896163,258,998.69,100,False,ORDER_EXECUTED,100252.0,100.0,99827.0,100.0,1000.395,4.25,0.5,1000.5360606060606
2019-06-28 09:54:42.310260990,164,990.44,100,True,ORDER_CANCELLED,100252.0,100.0,99827.0,100.0,1000.395,4.25,0.5,1000.5360606060606
2019-06-28 09:54:43.303769078,259,976.58,100,True,LIMIT_ORDER,100252.0,100.0,99827.0,100.0,1000.395,4.25,0.5,1000.5360606060606
2019-06-28 09:55:01.874448699,122,992.99,100,True,ORDER_CANCELLED,100252.0,100.0,99827.0,100.0,1000.395,4.25,0.5,1000.5360606060606
2019-06-28 09:55:03.876288562,260,1009.33,100,False,LIMIT_ORDER,100252.0,100.0,99827.0,100.0,1000.395,4.25,0.5,1000.5360606060606
2019-06-28 09:55:06.099740193,197,989.22,100,True,ORDER_CANCELLED,100252.0,100.0,99827.0,100.0,1000.395,4.25,0.5,1000.5360606060606
2019-06-28 09:55:07.099949418,261,993.56,100,True,LIMIT_ORDER,100252.0,100.0,99827.0,100.0,1000.395,4.25,0.5,1000.5360606060606
2019-06-28 09:55:25.835744369,262,999.27,100,True,LIMIT_ORDER,100252.0,100.0,99927.0,100.0,1000.895,3.25,0.5,1000.5360606060606
2019-06-28 09:55:41.495691432,226,1013.14,100,False,ORDER_CANCELLED,100252.0,100.0,99927.0,100.0,1000.895,3.25,0.5,1000.5360606060606
2019-06-28 09:55:42.495814642,263,991.93,100,True,LIMIT_ORDER,100252.0,100.0,99927.0,100.0,1000.895,3.25,0.5,1000.5360606060606
2019-06-28 09:55:49.076868788,264,1012.24,100,False,LIMIT_ORDER,100252.0,100.0,99927.0,100.0,1000.895,3.25,0.5,1000.5360606060606
2019-06-28 09:55:52.318390637,259,976.58,100,True,ORDER_CANCELLED,100252.0,100.0,99927.0,100.0,1000.895,3.25,0.5,1000.5360606060606
2019-06-28 09:55:53.318577992,265,1001.65,100,False,LIMIT_ORDER,100165.0,100.0,99927.0,100.0,1000.46,2.38,0.5,1000.5360606060606
2019-06-28 09:56:28.839863705,209,986.29,100,True,ORDER_CANCELLED,100165.0,100.0,99927.0,100.0,1000.46,2.38,0.5,1000.5360606060606
2019-06-28 09:56:29.839960528,266,1008.42,100,False,LIMIT_ORDER,100165.0,100.0,99927.0,100.0,1000.46,2.38,0.5,1000.5360606060606
2019-06-28 09:56:45.562527400,175,1004.85,100,False,ORDER_CANCELLED,100165.0,100.0,99927.0,100.0,1000.46,2.38,0.5,1000.5360606060606
2019-06-28 09:56:47.562706617,267,1001.89,100,False,LIMIT_ORDER,100165.0,100.0,99927.0,100.0,1000.46,2.38,0.5,1000.5360606060606
2019-06-28 09:56:58.714705476,268,1001.07,100,True,LIMIT_ORDER,100165.0,100.0,100107.0,100.0,1001.36,0.58,0.5,1000.5360606060606
2019-06-28 09:57:08.781780466,269,1002.11,100,False,LIMIT_ORDER,100165.0,100.0,100107.0,100.0,1001.36,0.58,0.5,1000.5360606060606
2019-06-28 09:57:13.094295793,236,1007.77,100,False,ORDER_CANCELLED,100165.0,100.0,100107.0,100.0,1001.36,0.58,0.5,1000.5360606060606
2019-06-28 09:57:15.096377928,270,993.9,100,True,LIMIT_ORDER,100165.0,100.0,100107.0,100.0,1001.36,0.58,0.5,1000.5360606060606
2019-06-28 09:57:24.999467822,257,998.27,100,True,ORDER_CANCELLED,100165.0,100.0,100107.0,100.0,1001.36,0.58,0.5,1000.5360606060606
2019-06-28 09:57:26.002813165,271,998.68,100,True,LIMIT_ORDER,100165.0,100.0,100107.0,100.0,1001.36,0.58,0.5,1000.5360606060606
2019-06-28 09:57:29.306936964,272,997.14,100,True,LIMIT_ORDER,100165.0,100.0,100107.0,100.0,1001.36,0.58,0.5,1000.5360606060606
2019-06-28 09:57:39.097303774,265,1001.65,100,False,ORDER_CANCELLED,100165.0,100.0,100107.0,100.0,1001.36,0.58,0.5,1000.5360606060606
2019-06-28 09:57:41.097489497,273,1013.11,100,False,LIMIT_ORDER,100189.0,100.0,100107.0,100.0,1001.48,0.82,0.5,1000.5360606060606
2019-06-28 09:57:47.610384172,274,998.33,100,True,LIMIT_ORDER,100189.0,100.0,100107.0,100.0,1001.48,0.82,0.5,1000.5360606060606
2019-06-28 09:57:52.453637588,134,1003.97,100,False,ORDER_CANCELLED,100189.0,100.0,100107.0,100.0,1001.48,0.82,0.5,1000.5360606060606
2019-06-28 09:57:54.460821485,275,992.79,100,True,LIMIT_ORDER,100189.0,100.0,100107.0,100.0,1001.48,0.82,0.5,1000.5360606060606
2019-06-28 09:57:54.964755706,205,1004.57,100,False,ORDER_CANCELLED,100189.0,100.0,100107.0,100.0,1001.48,0.82,0.5,1000.5360606060606
2019-06-28 09:57:56.964931752,276,1002.95,100,False,LIMIT_ORDER,100189.0,100.0,100107.0,100.0,1001.48,0.82,0.5,1000.5360606060606
2019-06-28 09:58:05.958346757,126,994.71,100,True,ORDER_CANCELLED,100189.0,100.0,100107.0,100.0,1001.48,0.82,0.5,1000.5360606060606
2019-06-28 09:58:06.958445652,277,1003.73,100,False,LIMIT_ORDER,100189.0,100.0,100107.0,100.0,1001.48,0.82,0.5,1000.5360606060606
2019-06-28 09:58:14.063492510,106,991.17,100,True,ORDER_CANCELLED,100189.0,100.0,100107.0,100.0,1001.48,0.82,0.5,1000.5360606060606
2019-06-28 09:58:16.063671391,268,1001.07,100,True,ORDER_EXECUTED,100189.0,100.0,99927.0,100.0,1000.58,2.62,0.5,1000.5440298507463
2019-06-28 09:58:16.063671391,278,1001.07,100,False,LIMIT_ORDER,100189.0,100.0,99927.0,100.0,1000.58,2.62,0.5,1000.5440298507463
2019-06-28 09:58:16.063671391,278,1001.07,100,False,ORDER_EXECUTED,100189.0,100.0,99927.0,100.0,1000.58,2.62,0.5,1000.5517647058823
2019-06-28 09:58:22.642542024,242,997.81,100,True,ORDER_CANCELLED,100189.0,100.0,99927.0,100.0,1000.58,2.62,0.5,1000.5517647058823
2019-06-28 09:58:23.642841007,279,1008.2,100,False,LIMIT_ORDER,100189.0,100.0,99927.0,100.0,1000.58,2.62,0.5,1000.5517647058823
2019-06-28 09:58:29.355605774,271,998.68,100,True,ORDER_CANCELLED,100189.0,100.0,99927.0,100.0,1000.58,2.62,0.5,1000.5517647058823
2019-06-28 09:58:29.852909885,280,989.76,100,True,LIMIT_ORDER,100189.0,100.0,99927.0,100.0,1000.58,2.62,0.5,1000.5517647058823
2019-06-28 09:58:31.355751231,281,1010.51,100,False,LIMIT_ORDER,100189.0,100.0,99927.0,100.0,1000.58,2.62,0.5,1000.5517647058823
2019-06-28 09:58:38.360752030,281,1010.51,100,False,ORDER_CANCELLED,100189.0,100.0,99927.0,100.0,1000.58,2.62,0.5,1000.5517647058823
2019-06-28 09:58:39.924310471,282,1007.39,100,False,LIMIT_ORDER,100189.0,100.0,99927.0,100.0,1000.58,2.62,0.5,1000.5517647058823
2019-06-28 09:58:40.043458173,274,998.33,100,True,ORDER_CANCELLED,100189.0,100.0,99927.0,100.0,1000.58,2.62,0.5,1000.5517647058823
2019-06-28 09:58:40.361534892,283,1013.75,100,False,LIMIT_ORDER,100189.0,100.0,99927.0,100.0,1000.58,2.62,0.5,1000.5517647058823
2019-06-28 09:58:41.043561352,284,996.69,100,True,LIMIT_ORDER,100189.0,100.0,99927.0,100.0,1000.58,2.62,0.5,1000.5517647058823
2019-06-28 09:58:42.980549089,121,1010.58,100,False,ORDER_CANCELLED,100189.0,100.0,99927.0,100.0,1000.58,2.62,0.5,1000.5517647058823
2019-06-28 09:58:43.905177169,285,998.88,100,True,LIMIT_ORDER,100189.0,100.0,99927.0,100.0,1000.58,2.62,0.5,1000.5517647058823
2019-06-28 09:58:44.980733905,286,990.2,100,True,LIMIT_ORDER,100189.0,100.0,99927.0,100.0,1000.58,2.62,0.5,1000.5517647058823
2019-06-28 09:58:58.612225376,101,1014.42,100,False,ORDER_CANCELLED,100189.0,100.0,99927.0,100.0,1000.58,2.62,0.5,1000.5517647058823
2019-06-28 09:58:59.612303348,287,997.44,100,True,LIMIT_ORDER,100189.0,100.0,99927.0,100.0,1000.58,2.62,0.5,1000.5517647058823
2019-06-28 09:59:03.769134516,180,997.77,100,True,ORDER_CANCELLED,100189.0,100.0,99927.0,100.0,1000.58,2.62,0.5,1000.5517647058823
2019-06-28 09:59:05.769273074,288,998.63,100,True,LIMIT_ORDER,100189.0,100.0,99927.0,100.0,1000.58,2.62,0.5,1000.5517647058823
2019-06-28 09:59:15.892021672,249,1007.14,100,False,ORDER_CANCELLED,100189.0,100.0,99927.0,100.0,1000.58,2.62,0.5,1000.5517647058823
2019-06-28 09:59:17.892246292,289,994.07,100,True,LIMIT_ORDER,100189.0,100.0,99927.0,100.0,1000.58,2.62,0.5,1000.5517647058823
2019-06-28 09:59:19.029279115,109,1020.7,100,False,ORDER_CANCELLED,100189.0,100.0,99927.0,100.0,1000.58,2.62,0.5,1000.5517647058823
2019-06-28 09:59:21.029874652,290,992.49,100,True,LIMIT_ORDER,100189.0,100.0,99927.0,100.0,1000.58,2.62,0.5,1000.5517647058823
2019-06-28 09:59:53.440138740,203,1002.52,100,False,ORDER_CANCELLED,100189.0,100.0,99927.0,100.0,1000.58,2.62,0.5,1000.5517647058823
2019-06-28 09:59:55.441230139,291,999.92,100,True,LIMIT_ORDER,100189.0,100.0,99992.0,100.0,1000.905,1.97,0.5,1000.5517647058823
2019-06-28 10:00:01.683144829,228,991.36,100,True,ORDER_CANCELLED,100189.0,100.0,99992.0,100.0,1000.905,1.97,0.5,1000.5517647058823
2019-06-28 10:00:03.683346377,292,993.8,100,True,LIMIT_ORDER,100189.0,100.0,99992.0,100.0,1000.905,1.97,0.5,1000.5517647058823
2019-06-28 10:00:03.898945154,266,1008.42,100,False,ORDER_CANCELLED,100189.0,100.0,99992.0,100.0,1000.905,1.97,0.5,1000.5517647058823
2019-06-28 10:00:04.897988903,293,1013.03,100,False,LIMIT_ORDER,100189.0,100.0,99992.0,100.0,1000.905,1.97,0.5,1000.5517647058823
2019-06-28 10:00:05.897071167,36,1019.58,100,False,ORDER_CANCELLED,100189.0,100.0,99992.0,100.0,1000.905,1.97,0.5,1000.5517647058823
2019-06-28 10:00:07.923655794,294,1001.89,100,True,LIMIT_ORDER,100211.0,100.0,99992.0,100.0,1001.015,2.19,0.5,1000.5517647058823
2019-06-28 10:00:07.923655794,267,1001.89,100,False,ORDER_EXECUTED,100211.0,100.0,99992.0,100.0,1001.015,2.19,0.5,1000.5711594202899
2019-06-28 10:00:07.923655794,294,1001.89,100,True,ORDER_EXECUTED,100211.0,100.0,99992.0,100.0,1001.015,2.19,0.5,1000.59
2019-06-28 10:00:10.341700403,283,1013.75,100,False,ORDER_CANCELLED,100211.0,100.0,99992.0,100.0,1001.015,2.19,0.5,1000.59
2019-06-28 10:00:11.341840300,295,995.36,100,True,LIMIT_ORDER,100211.0,100.0,99992.0,100.0,1001.015,2.19,0.5,1000.59
2019-06-28 10:00:11.389757258,275,992.79,100,True,ORDER_CANCELLED,100211.0,100.0,99992.0,100.0,1001.015,2.19,0.5,1000.59
2019-06-28 10:00:12.389893178,296,1005.16,100,False,LIMIT_ORDER,100211.0,100.0,99992.0,100.0,1001.015,2.19,0.5,1000.59
2019-06-28 10:00:14.007753432,276,1002.95,100,False,ORDER_CANCELLED,100211.0,100.0,99992.0,100.0,1001.015,2.19,0.5,1000.59
2019-06-28 10:00:15.007949490,297,992.98,100,True,LIMIT_ORDER,100211.0,100.0,99992.0,100.0,1001.015,2.19,0.5,1000.59
2019-06-28 10:00:35.938446675,273,1013.11,100,False,ORDER_CANCELLED,100211.0,100.0,99992.0,100.0,1001.015,2.19,0.5,1000.59
2019-06-28 10:00:37.938635855,298,1011.35,100,False,LIMIT_ORDER,100211.0,100.0,99992.0,100.0,1001.015,2.19,0.5,1000.59
2019-06-28 10:00:39.692301476,141,998.25,100,True,ORDER_CANCELLED,100211.0,100.0,99992.0,100.0,1001.015,2.19,0.5,1000.59
2019-06-28 10:00:41.692622219,299,1006.31,100,False,LIMIT_ORDER,100211.0,100.0,99992.0,100.0,1001.015,2.19,0.5,1000.59
2019-06-28 10:00:52.869749236,300,999.92,100,False,LIMIT_ORDER,100211.0,100.0,99927.0,100.0,1000.69,2.84,0.5,1000.59
2019-06-28 10:00:52.869749236,300,999.92,100,False,ORDER_EXECUTED,100211.0,100.0,99927.0,100.0,1000.69,2.84,0.5,1000.5805633802817
2019-06-28 10:00:52.869749236,291,999.92,100,True,ORDER_EXECUTED,100211.0,100.0,99927.0,100.0,1000.69,2.84,0.5,1000.5713888888889
2019-06-28 10:01:00.694367427,214,993.99,100,True,ORDER_CANCELLED,100211.0,100.0,99927.0,100.0,1000.69,2.84,0.5,1000.5713888888889
2019-06-28 10:01:02.694833533,301,1004.7,100,False,LIMIT_ORDER,100211.0,100.0,99927.0,100.0,1000.69,2.84,0.5,1000.5713888888889
2019-06-28 10:01:04.878392526,301,1004.7,100,False,ORDER_CANCELLED,100211.0,100.0,99927.0,100.0,1000.69,2.84,0.5,1000.5713888888889
2019-06-28 10:01:04.902828332,14,996.27,100,True,ORDER_CANCELLED,100211.0,100.0,99927.0,100.0,1000.69,2.84,0.5,1000.5713888888889
2019-06-28 10:01:05.878481878,302,1008.3,100,False,LIMIT_ORDER,100211.0,100.0,99927.0,100.0,1000.69,2.84,0.5,1000.5713888888889
2019-06-28 10:01:05.902939394,303,995.67,100,True,LIMIT_ORDER,100211.0,100.0,99927.0,100.0,1000.69,2.84,0.5,1000.5713888888889
2019-06-28 10:01:06.675944941,206,996.95,100,True,ORDER_CANCELLED,100211.0,100.0,99927.0,100.0,1000.69,2.84,0.5,1000.5713888888889
2019-06-28 10:01:08.676087933,304,1000.26,100,False,LIMIT_ORDER,100026.0,100.0,99927.0,100.0,999.765,0.99,0.5,1000.5713888888889
2019-06-28 10:01:14.170576971,94,986.05,100,True,ORDER_CANCELLED,100026.0,100.0,99927.0,100.0,999.765,0.99,0.5,1000.5713888888889
2019-06-28 10:01:15.170660146,262,999.27,100,True,ORDER_EXECUTED,100026.0,100.0,99888.0,100.0,999.57,1.38,0.5,1000.5535616438356
2019-06-28 10:01:15.170660146,305,999.27,100,False,LIMIT_ORDER,100026.0,100.0,99888.0,100.0,999.57,1.38,0.5,1000.5535616438356
2019-06-28 10:01:15.170660146,305,999.27,100,False,ORDER_EXECUTED,100026.0,100.0,99888.0,100.0,999.57,1.38,0.5,1000.5362162162162
2019-06-28 10:01:16.603023655,289,994.07,100,True,ORDER_CANCELLED,100026.0,100.0,99888.0,100.0,999.57,1.38,0.5,1000.5362162162162
2019-06-28 10:01:17.603204871,306,993.81,100,True,LIMIT_ORDER,100026.0,100.0,99888.0,100.0,999.57,1.38,0.5,1000.5362162162162
2019-06-28 10:01:23.068237477,297,992.98,100,True,ORDER_CANCELLED,100026.0,100.0,99888.0,100.0,999.57,1.38,0.5,1000.5362162162162
2019-06-28 10:01:24.068611284,307,1003.34,100,False,LIMIT_ORDER,100026.0,100.0,99888.0,100.0,999.57,1.38,0.5,1000.5362162162162
2019-06-28 10:01:25.404403598,192,994.51,100,True,ORDER_CANCELLED,100026.0,100.0,99888.0,100.0,999.57,1.38,0.5,1000.5362162162162
2019-06-28 10:01:27.404554072,308,1017.17,100,False,LIMIT_ORDER,100026.0,100.0,99888.0,100.0,999.57,1.38,0.5,1000.5362162162162
2019-06-28 10:01:28.439358127,57,1007.97,100,False,ORDER_CANCELLED,100026.0,100.0,99888.0,100.0,999.57,1.38,0.5,1000.5362162162162
2019-06-28 10:01:30.439656189,309,993.56,100,True,LIMIT_ORDER,100026.0,100.0,99888.0,100.0,999.57,1.38,0.5,1000.5362162162162
2019-06-28 10:01:40.384230732,310,1003.61,100,False,LIMIT_ORDER,100026.0,100.0,99888.0,100.0,999.57,1.38,0.5,1000.5362162162162
2019-06-28 10:01:47.881484386,170,995.75,100,True,ORDER_CANCELLED,100026.0,100.0,99888.0,100.0,999.57,1.38,0.5,1000.5362162162162
2019-06-28 10:01:48.881562998,311,996.15,100,True,LIMIT_ORDER,100026.0,100.0,99888.0,100.0,999.57,1.38,0.5,1000.5362162162162
2019-06-28 10:02:03.844272082,309,993.56,100,True,ORDER_CANCELLED,100026.0,100.0,99888.0,100.0,999.57,1.38,0.5,1000.5362162162162
2019-06-28 10:02:05.844494062,312,997.5,100,True,LIMIT_ORDER,100026.0,100.0,99888.0,100.0,999.57,1.38,0.5,1000.5362162162162
2019-06-28 10:02:24.974051052,302,1008.3,100,False,ORDER_CANCELLED,100026.0,100.0,99888.0,100.0,999.57,1.38,0.5,1000.5362162162162
2019-06-28 10:02:25.974138596,313,1003.48,100,False,LIMIT_ORDER,100026.0,100.0,99888.0,100.0,999.57,1.38,0.5,1000.5362162162162
2019-06-28 10:02:28.534321221,290,992.49,100,True,ORDER_CANCELLED,100026.0,100.0,99888.0,100.0,999.57,1.38,0.5,1000.5362162162162
2019-06-28 10:02:29.533985723,314,981.55,100,True,LIMIT_ORDER,100026.0,100.0,99888.0,100.0,999.57,1.38,0.5,1000.5362162162162
2019-06-28 10:02:47.816570209,199,994.59,100,True,ORDER_CANCELLED,100026.0,100.0,99888.0,100.0,999.57,1.38,0.5,1000.5362162162162
2019-06-28 10:02:48.518507636,315,999.06,100,True,LIMIT_ORDER,100026.0,100.0,99906.0,100.0,999.66,1.2,0.5,1000.5362162162162
2019-06-28 10:02:49.818015961,316,983.01,100,True,LIMIT_ORDER,100026.0,100.0,99906.0,100.0,999.66,1.2,0.5,1000.5362162162162
2019-06-28 10:03:05.160790517,263,991.93,100,True,ORDER_CANCELLED,100026.0,100.0,99906.0,100.0,999.66,1.2,0.5,1000.5362162162162
2019-06-28 10:03:06.154444238,317,991.74,100,True,LIMIT_ORDER,100026.0,100.0,99906.0,100.0,999.66,1.2,0.5,1000.5362162162162
2019-06-28 10:03:08.547099427,171,997.75,100,True,ORDER_CANCELLED,100026.0,100.0,99906.0,100.0,999.66,1.2,0.5,1000.5362162162162
2019-06-28 10:03:10.547531558,318,1003.93,100,False,LIMIT_ORDER,100026.0,100.0,99906.0,100.0,999.66,1.2,0.5,1000.5362162162162
2019-06-28 10:03:16.877154592,279,1008.2,100,False,ORDER_CANCELLED,100026.0,100.0,99906.0,100.0,999.66,1.2,0.5,1000.5362162162162
2019-06-28 10:03:17.875448856,319,994.34,100,True,LIMIT_ORDER,100026.0,100.0,99906.0,100.0,999.66,1.2,0.5,1000.5362162162162
2019-06-28 10:03:28.430018664,159,992.51,100,True,ORDER_CANCELLED,100026.0,100.0,99906.0,100.0,999.66,1.2,0.5,1000.5362162162162
2019-06-28 10:03:29.430433846,320,1009.33,100,False,LIMIT_ORDER,100026.0,100.0,99906.0,100.0,999.66,1.2,0.5,1000.5362162162162
2019-06-28 10:03:33.370977669,213,985.89,100,True,ORDER_CANCELLED,100026.0,100.0,99906.0,100.0,999.66,1.2,0.5,1000.5362162162162
2019-06-28 10:03:34.370994248,315,999.06,100,True,ORDER_EXECUTED,100026.0,100.0,99888.0,100.0,999.57,1.38,0.5,1000.5165333333333
2019-06-28 10:03:34.370994248,321,999.06,100,False,ORDER_EXECUTED,100026.0,100.0,99888.0,100.0,999.57,1.38,0.5,1000.4973684210527
2019-06-28 10:03:34.370994248,321,999.06,100,False,LIMIT_ORDER,100026.0,100.0,99888.0,100.0,999.57,1.38,0.5,1000.4973684210527
2019-06-28 10:03:57.809472212,23,994.39,100,True,ORDER_CANCELLED,100026.0,100.0,99888.0,100.0,999.57,1.38,0.5,1000.4973684210527
2019-06-28 10:03:58.809001453,322,994.02,100,True,LIMIT_ORDER,100026.0,100.0,99888.0,100.0,999.57,1.38,0.5,1000.4973684210527
2019-06-28 10:04:06.280976902,246,994.65,100,True,ORDER_CANCELLED,100026.0,100.0,99888.0,100.0,999.57,1.38,0.5,1000.4973684210527
2019-06-28 10:04:08.281117923,323,994.66,100,True,LIMIT_ORDER,100026.0,100.0,99888.0,100.0,999.57,1.38,0.5,1000.4973684210527
2019-06-28 10:04:17.997290149,284,996.69,100,True,ORDER_CANCELLED,100026.0,100.0,99888.0,100.0,999.57,1.38,0.5,1000.4973684210527
2019-06-28 10:04:19.997395467,324,1006.46,100,False,LIMIT_ORDER,100026.0,100.0,99888.0,100.0,999.57,1.38,0.5,1000.4973684210527
2019-06-28 10:04:26.026883508,325,1003.83,100,False,LIMIT_ORDER,100026.0,100.0,99888.0,100.0,999.57,1.38,0.5,1000.4973684210527
2019-06-28 10:04:43.403668972,86,1014.76,100,False,ORDER_CANCELLED,100026.0,100.0,99888.0,100.0,999.57,1.38,0.5,1000.4973684210527
2019-06-28 10:04:44.403709894,326,992.99,100,True,LIMIT_ORDER,100026.0,100.0,99888.0,100.0,999.57,1.38,0.5,1000.4973684210527
2019-06-28 10:04:47.124317553,327,995.71,100,True,LIMIT_ORDER,100026.0,100.0,99888.0,100.0,999.57,1.38,0.5,1000.4973684210527
2019-06-28 10:04:51.462421087,176,993.76,100,True,ORDER_CANCELLED,100026.0,100.0,99888.0,100.0,999.57,1.38,0.5,1000.4973684210527
2019-06-28 10:04:53.462534532,328,998.01,100,True,LIMIT_ORDER,100026.0,100.0,99888.0,100.0,999.57,1.38,0.5,1000.4973684210527
2019-06-28 10:05:03.842200564,329,995.12,100,True,LIMIT_ORDER,100026.0,100.0,99888.0,100.0,999.57,1.38,0.5,1000.4973684210527
2019-06-28 10:05:04.325625676,296,1005.16,100,False,ORDER_CANCELLED,100026.0,100.0,99888.0,100.0,999.57,1.38,0.5,1000.4973684210527
2019-06-28 10:05:05.325924834,330,991.76,100,True,LIMIT_ORDER,100026.0,100.0,99888.0,100.0,999.57,1.38,0.5,1000.4973684210527
2019-06-28 10:05:08.960793896,185,1006.5,100,False,ORDER_CANCELLED,100026.0,100.0,99888.0,100.0,999.57,1.38,0.5,1000.4973684210527
2019-06-28 10:05:09.960842358,331,997.69,100,True,LIMIT_ORDER,100026.0,100.0,99888.0,100.0,999.57,1.38,0.5,1000.4973684210527
2019-06-28 10:05:10.454576677,174,991.2,100,True,ORDER_CANCELLED,100026.0,100.0,99888.0,100.0,999.57,1.38,0.5,1000.4973684210527
2019-06-28 10:05:12.325205591,332,1012.51,100,False,LIMIT_ORDER,100026.0,100.0,99888.0,100.0,999.57,1.38,0.5,1000.4973684210527
2019-06-28 10:05:12.454701080,333,999.17,100,True,LIMIT_ORDER,100026.0,100.0,99917.0,100.0,999.715,1.09,0.5,1000.4973684210527
2019-06-28 10:05:22.258283609,61,991.2,100,True,ORDER_CANCELLED,100026.0,100.0,99917.0,100.0,999.715,1.09,0.5,1000.4973684210527
2019-06-28 10:05:23.258301044,334,991.55,100,True,LIMIT_ORDER,100026.0,100.0,99917.0,100.0,999.715,1.09,0.5,1000.4973684210527
2019-06-28 10:05:25.109171408,288,998.63,100,True,ORDER_CANCELLED,100026.0,100.0,99917.0,100.0,999.715,1.09,0.5,1000.4973684210527
2019-06-28 10:05:27.109470057,335,1002.1,100,False,LIMIT_ORDER,100026.0,100.0,99917.0,100.0,999.715,1.09,0.5,1000.4973684210527
2019-06-28 10:05:30.507009484,306,993.81,100,True,ORDER_CANCELLED,100026.0,100.0,99917.0,100.0,999.715,1.09,0.5,1000.4973684210527
2019-06-28 10:05:31.507240552,336,994.42,100,True,LIMIT_ORDER,100026.0,100.0,99917.0,100.0,999.715,1.09,0.5,1000.4973684210527
2019-06-28 10:05:45.442531699,316,983.01,100,True,ORDER_CANCELLED,100026.0,100.0,99917.0,100.0,999.715,1.09,0.5,1000.4973684210527
2019-06-28 10:05:47.442705021,337,1002.59,100,False,LIMIT_ORDER,100026.0,100.0,99917.0,100.0,999.715,1.09,0.5,1000.4973684210527
2019-06-28 10:05:53.418247789,282,1007.39,100,False,ORDER_CANCELLED,100026.0,100.0,99917.0,100.0,999.715,1.09,0.5,1000.4973684210527
2019-06-28 10:05:54.418348517,338,1006.83,100,False,LIMIT_ORDER,100026.0,100.0,99917.0,100.0,999.715,1.09,0.5,1000.4973684210527
2019-06-28 10:06:00.911663423,169,1003.71,100,False,ORDER_CANCELLED,100026.0,100.0,99917.0,100.0,999.715,1.09,0.5,1000.4973684210527
2019-06-28 10:06:01.911846201,339,996.45,100,True,LIMIT_ORDER,100026.0,100.0,99917.0,100.0,999.715,1.09,0.5,1000.4973684210527
2019-06-28 10:06:23.784538117,54,984.74,100,True,ORDER_CANCELLED,100026.0,100.0,99917.0,100.0,999.715,1.09,0.5,1000.4973684210527
2019-06-28 10:06:24.784687662,340,1006.33,100,False,LIMIT_ORDER,100026.0,100.0,99917.0,100.0,999.715,1.09,0.5,1000.4973684210527
2019-06-28 10:06:40.666286924,311,996.15,100,True,ORDER_CANCELLED,100026.0,100.0,99917.0,100.0,999.715,1.09,0.5,1000.4973684210527
2019-06-28 10:06:42.666456785,341,995.26,100,True,LIMIT_ORDER,100026.0,100.0,99917.0,100.0,999.715,1.09,0.5,1000.4973684210527
2019-06-28 10:06:49.298566101,135,993.14,100,True,ORDER_CANCELLED,100026.0,100.0,99917.0,100.0,999.715,1.09,0.5,1000.4973684210527
2019-06-28 10:06:50.299240247,342,1004.97,100,False,LIMIT_ORDER,100026.0,100.0,99917.0,100.0,999.715,1.09,0.5,1000.4973684210527
2019-06-28 10:06:52.237176951,333,999.17,100,True,ORDER_EXECUTED,100026.0,100.0,99888.0,100.0,999.57,1.38,0.5,1000.4801298701299
2019-06-28 10:06:52.237176951,343,999.17,100,False,ORDER_EXECUTED,100026.0,100.0,99888.0,100.0,999.57,1.38,0.5,1000.4633333333334
2019-06-28 10:06:52.237176951,343,999.17,100,False,LIMIT_ORDER,100026.0,100.0,99888.0,100.0,999.57,1.38,0.5,1000.4633333333334
2019-06-28 10:06:57.593764480,341,995.26,100,True,ORDER_CANCELLED,100026.0,100.0,99888.0,100.0,999.57,1.38,0.5,1000.4633333333334
2019-06-28 10:06:58.596225033,344,999.03,100,False,LIMIT_ORDER,99903.0,100.0,99888.0,100.0,998.955,0.15,0.5,1000.4633333333334
2019-06-28 10:07:03.569769146,269,1002.11,100,False,ORDER_CANCELLED,99903.0,100.0,99888.0,100.0,998.955,0.15,0.5,1000.4633333333334
2019-06-28 10:07:05.569896828,345,998.19,100,True,LIMIT_ORDER,99903.0,100.0,99888.0,100.0,998.955,0.15,0.5,1000.4633333333334
2019-06-28 10:07:07.687559241,346,994.53,100,True,LIMIT_ORDER,99903.0,100.0,99888.0,100.0,998.955,0.15,0.5,1000.4633333333334
2019-06-28 10:07:09.370472214,328,998.01,100,True,ORDER_CANCELLED,99903.0,100.0,99888.0,100.0,998.955,0.15,0.5,1000.4633333333334
2019-06-28 10:07:09.975523428,322,994.02,100,True,ORDER_CANCELLED,99903.0,100.0,99888.0,100.0,998.955,0.15,0.5,1000.4633333333334
2019-06-28 10:07:10.975687229,347,1017.45,100,False,LIMIT_ORDER,99903.0,100.0,99888.0,100.0,998.955,0.15,0.5,1000.4633333333334
2019-06-28 10:07:11.370696517,344,999.03,100,False,ORDER_EXECUTED,100026.0,100.0,99888.0,100.0,999.57,1.38,0.5,1000.4451898734177
2019-06-28 10:07:11.370696517,348,999.03,100,True,ORDER_EXECUTED,100026.0,100.0,99888.0,100.0,999.57,1.38,0.5,1000.4275
2019-06-28 10:07:11.370696517,348,999.03,100,True,LIMIT_ORDER,100026.0,100.0,99888.0,100.0,999.57,1.38,0.5,1000.4275
2019-06-28 10:07:29.820484619,299,1006.31,100,False,ORDER_CANCELLED,100026.0,100.0,99888.0,100.0,999.57,1.38,0.5,1000.4275
2019-06-28 10:07:30.820743939,349,1006.59,100,False,LIMIT_ORDER,100026.0,100.0,99888.0,100.0,999.57,1.38,0.5,1000.4275
2019-06-28 10:07:37.026988573,325,1003.83,100,False,ORDER_CANCELLED,100026.0,100.0,99888.0,100.0,999.57,1.38,0.5,1000.4275
2019-06-28 10:07:37.739334047,160,994.0,100,True,ORDER_CANCELLED,100026.0,100.0,99888.0,100.0,999.57,1.38,0.5,1000.4275
2019-06-28 10:07:38.023697800,350,1006.39,100,False,LIMIT_ORDER,100026.0,100.0,99888.0,100.0,999.57,1.38,0.5,1000.4275
2019-06-28 10:07:39.739490312,351,995.77,100,True,LIMIT_ORDER,100026.0,100.0,99888.0,100.0,999.57,1.38,0.5,1000.4275
2019-06-28 10:07:48.320904362,212,990.92,100,True,ORDER_CANCELLED,100026.0,100.0,99888.0,100.0,999.57,1.38,0.5,1000.4275
2019-06-28 10:07:49.321608003,352,1006.52,100,False,LIMIT_ORDER,100026.0,100.0,99888.0,100.0,999.57,1.38,0.5,1000.4275
2019-06-28 10:07:54.104038298,334,991.55,100,True,ORDER_CANCELLED,100026.0,100.0,99888.0,100.0,999.57,1.38,0.5,1000.4275
2019-06-28 10:07:55.103289835,353,999.82,100,False,LIMIT_ORDER,99982.0,100.0,99888.0,100.0,999.35,0.94,0.5,1000.4275
2019-06-28 10:07:57.492995044,342,1004.97,100,False,ORDER_CANCELLED,99982.0,100.0,99888.0,100.0,999.35,0.94,0.5,1000.4275
2019-06-28 10:07:59.493268903,354,992.07,100,True,LIMIT_ORDER,99982.0,100.0,99888.0,100.0,999.35,0.94,0.5,1000.4275
2019-06-28 10:08:16.899056174,355,1002.23,100,False,LIMIT_ORDER,99982.0,100.0,99888.0,100.0,999.35,0.94,0.5,1000.4275
2019-06-28 10:08:24.780500111,238,991.31,100,True,ORDER_CANCELLED,99982.0,100.0,99888.0,100.0,999.35,0.94,0.5,1000.4275
2019-06-28 10:08:25.779672489,356,999.76,100,False,LIMIT_ORDER,99976.0,100.0,99888.0,100.0,999.32,0.88,0.5,1000.4275
2019-06-28 10:08:28.163089906,303,995.67,100,True,ORDER_CANCELLED,99976.0,100.0,99888.0,100.0,999.32,0.88,0.5,1000.4275
2019-06-28 10:08:28.645584838,239,995.2,100,True,ORDER_CANCELLED,99976.0,100.0,99888.0,100.0,999.32,0.88,0.5,1000.4275
2019-06-28 10:08:28.667995951,357,1007.79,100,False,LIMIT_ORDER,99976.0,100.0,99888.0,100.0,999.32,0.88,0.5,1000.4275
2019-06-28 10:08:30.163188265,358,995.52,100,True,LIMIT_ORDER,99976.0,100.0,99888.0,100.0,999.32,0.88,0.5,1000.4275
2019-06-28 10:08:30.645799118,359,993.07,100,True,LIMIT_ORDER,99976.0,100.0,99888.0,100.0,999.32,0.88,0.5,1000.4275
2019-06-28 10:08:42.877863665,191,982.12,100,True,ORDER_CANCELLED,99976.0,100.0,99888.0,100.0,999.32,0.88,0.5,1000.4275
2019-06-28 10:08:44.889390045,360,1000.03,100,False,LIMIT_ORDER,99976.0,100.0,99888.0,100.0,999.32,0.88,0.5,1000.4275
2019-06-28 10:08:45.194399030,280,989.76,100,True,ORDER_CANCELLED,99976.0,100.0,99888.0,100.0,999.32,0.88,0.5,1000.4275
2019-06-28 10:08:46.203979183,361,1007.24,100,False,LIMIT_ORDER,99976.0,100.0,99888.0,100.0,999.32,0.88,0.5,1000.4275
2019-06-28 10:08:51.935958544,225,1021.52,100,False,ORDER_CANCELLED,99976.0,100.0,99888.0,100.0,999.32,0.88,0.5,1000.4275
2019-06-28 10:08:52.928976184,362,988.21,100,True,LIMIT_ORDER,99976.0,100.0,99888.0,100.0,999.32,0.88,0.5,1000.4275
2019-06-28 10:09:02.050270737,295,995.36,100,True,ORDER_CANCELLED,99976.0,100.0,99888.0,100.0,999.32,0.88,0.5,1000.4275
2019-06-28 10:09:03.221041551,253,997.32,100,True,ORDER_CANCELLED,99976.0,100.0,99888.0,100.0,999.32,0.88,0.5,1000.4275
2019-06-28 10:09:04.050412543,363,1015.08,100,False,LIMIT_ORDER,99976.0,100.0,99888.0,100.0,999.32,0.88,0.5,1000.4275
2019-06-28 10:09:05.221413753,364,998.81,100,True,LIMIT_ORDER,99976.0,100.0,99888.0,100.0,999.32,0.88,0.5,1000.4275
2019-06-28 10:09:10.548326229,250,993.19,100,True,ORDER_CANCELLED,99976.0,100.0,99888.0,100.0,999.32,0.88,0.5,1000.4275
2019-06-28 10:09:10.581733366,357,1007.79,100,False,ORDER_CANCELLED,99976.0,100.0,99888.0,100.0,999.32,0.88,0.5,1000.4275
2019-06-28 10:09:11.548495988,365,984.25,100,True,LIMIT_ORDER,99976.0,100.0,99888.0,100.0,999.32,0.88,0.5,1000.4275
2019-06-28 10:09:12.582013829,366,1007.21,100,False,LIMIT_ORDER,99976.0,100.0,99888.0,100.0,999.32,0.88,0.5,1000.4275
2019-06-28 10:09:17.752407202,332,1012.51,100,False,ORDER_CANCELLED,99976.0,100.0,99888.0,100.0,999.32,0.88,0.5,1000.4275
2019-06-28 10:09:18.752497709,356,999.76,100,False,ORDER_EXECUTED,99982.0,100.0,99888.0,100.0,999.35,0.94,0.5,1000.4192592592592
2019-06-28 10:09:18.752497709,367,999.76,100,True,ORDER_EXECUTED,99982.0,100.0,99888.0,100.0,999.35,0.94,0.5,1000.4112195121951
2019-06-28 10:09:18.752497709,367,999.76,100,True,LIMIT_ORDER,99982.0,100.0,99888.0,100.0,999.35,0.94,0.5,1000.4112195121951
2019-06-28 10:09:34.525785799,261,993.56,100,True,ORDER_CANCELLED,99982.0,100.0,99888.0,100.0,999.35,0.94,0.5,1000.4112195121951
2019-06-28 10:09:35.522222867,368,1000.56,100,False,LIMIT_ORDER,99982.0,100.0,99888.0,100.0,999.35,0.94,0.5,1000.4112195121951
2019-06-28 10:09:36.319980517,364,998.81,100,True,ORDER_CANCELLED,99982.0,100.0,99888.0,100.0,999.35,0.94,0.5,1000.4112195121951
2019-06-28 10:09:37.320162347,369,990.45,100,True,LIMIT_ORDER,99982.0,100.0,99888.0,100.0,999.35,0.94,0.5,1000.4112195121951
2019-06-28 10:09:42.892760915,361,1007.24,100,False,ORDER_CANCELLED,99982.0,100.0,99888.0,100.0,999.35,0.94,0.5,1000.4112195121951
2019-06-28 10:09:44.892914718,370,1003.29,100,False,LIMIT_ORDER,99982.0,100.0,99888.0,100.0,999.35,0.94,0.5,1000.4112195121951
2019-06-28 10:09:48.773235146,165,986.94,100,True,ORDER_CANCELLED,99982.0,100.0,99888.0,100.0,999.35,0.94,0.5,1000.4112195121951
2019-06-28 10:09:49.773320636,371,987.19,100,True,LIMIT_ORDER,99982.0,100.0,99888.0,100.0,999.35,0.94,0.5,1000.4112195121951
2019-06-28 10:10:00.401048112,95,1006.35,100,False,ORDER_CANCELLED,99982.0,100.0,99888.0,100.0,999.35,0.94,0.5,1000.4112195121951
2019-06-28 10:10:02.401303415,372,1003.58,100,False,LIMIT_ORDER,99982.0,100.0,99888.0,100.0,999.35,0.94,0.5,1000.4112195121951
2019-06-28 10:10:15.709446986,359,993.07,100,True,ORDER_CANCELLED,99982.0,100.0,99888.0,100.0,999.35,0.94,0.5,1000.4112195121951
2019-06-28 10:10:16.709898915,373,1009.22,100,False,LIMIT_ORDER,99982.0,100.0,99888.0,100.0,999.35,0.94,0.5,1000.4112195121951
2019-06-28 10:10:19.437749778,221,991.8,100,True,ORDER_CANCELLED,99982.0,100.0,99888.0,100.0,999.35,0.94,0.5,1000.4112195121951
2019-06-28 10:10:20.440541865,374,1003.02,100,False,LIMIT_ORDER,99982.0,100.0,99888.0,100.0,999.35,0.94,0.5,1000.4112195121951
2019-06-28 10:10:20.670403483,89,993.5,100,True,ORDER_CANCELLED,99982.0,100.0,99888.0,100.0,999.35,0.94,0.5,1000.4112195121951
2019-06-28 10:10:21.666231830,375,991.25,100,True,LIMIT_ORDER,99982.0,100.0,99888.0,100.0,999.35,0.94,0.5,1000.4112195121951
2019-06-28 10:10:34.058154299,376,996.11,100,True,LIMIT_ORDER,99982.0,100.0,99888.0,100.0,999.35,0.94,0.5,1000.4112195121951
2019-06-28 10:10:49.279068878,336,994.42,100,True,ORDER_CANCELLED,99982.0,100.0,99888.0,100.0,999.35,0.94,0.5,1000.4112195121951
2019-06-28 10:10:50.277622930,377,994.95,100,True,LIMIT_ORDER,99982.0,100.0,99888.0,100.0,999.35,0.94,0.5,1000.4112195121951
2019-06-28 10:10:50.794516536,365,984.25,100,True,ORDER_CANCELLED,99982.0,100.0,99888.0,100.0,999.35,0.94,0.5,1000.4112195121951
2019-06-28 10:10:52.794733121,378,984.88,100,True,LIMIT_ORDER,99982.0,100.0,99888.0,100.0,999.35,0.94,0.5,1000.4112195121951
2019-06-28 10:10:55.807321163,335,1002.1,100,False,ORDER_CANCELLED,99982.0,100.0,99888.0,100.0,999.35,0.94,0.5,1000.4112195121951
2019-06-28 10:10:57.648626207,358,995.52,100,True,ORDER_CANCELLED,99982.0,100.0,99888.0,100.0,999.35,0.94,0.5,1000.4112195121951
2019-06-28 10:10:57.807527427,379,996.6,100,True,LIMIT_ORDER,99982.0,100.0,99888.0,100.0,999.35,0.94,0.5,1000.4112195121951
2019-06-28 10:10:58.648295758,380,993.96,100,True,LIMIT_ORDER,99982.0,100.0,99888.0,100.0,999.35,0.94,0.5,1000.4112195121951
2019-06-28 10:11:14.331924206,313,1003.48,100,False,ORDER_CANCELLED,99982.0,100.0,99888.0,100.0,999.35,0.94,0.5,1000.4112195121951
2019-06-28 10:11:15.330675357,381,1006.93,100,False,LIMIT_ORDER,99982.0,100.0,99888.0,100.0,999.35,0.94,0.5,1000.4112195121951
2019-06-28 10:11:30.761653839,137,1023.19,100,False,ORDER_CANCELLED,99982.0,100.0,99888.0,100.0,999.35,0.94,0.5,1000.4112195121951
2019-06-28 10:11:33.761658763,382,999.82,100,True,LIMIT_ORDER,100003.0,100.0,99888.0,100.0,999.455,1.15,0.5,1000.4112195121951
2019-06-28 10:11:33.761658763,382,999.82,100,True,ORDER_EXECUTED,100003.0,100.0,99888.0,100.0,999.455,1.15,0.5,1000.4040963855422
2019-06-28 10:11:33.761658763,353,999.82,100,False,ORDER_EXECUTED,100003.0,100.0,99888.0,100.0,999.455,1.15,0.5,1000.3971428571429
2019-06-28 10:11:50.329013202,308,1017.17,100,False,ORDER_CANCELLED,100003.0,100.0,99888.0,100.0,999.455,1.15,0.5,1000.3971428571429
2019-06-28 10:11:51.329176350,383,1013.27,100,False,LIMIT_ORDER,100003.0,100.0,99888.0,100.0,999.455,1.15,0.5,1000.3971428571429
2019-06-28 10:12:09.777399252,384,1000.03,100,True,ORDER_EXECUTED,100026.0,100.0,99888.0,100.0,999.57,1.38,0.5,1000.3928235294118
2019-06-28 10:12:09.777399252,384,1000.03,100,True,LIMIT_ORDER,100026.0,100.0,99888.0,100.0,999.57,1.38,0.5,1000.3928235294118
2019-06-28 10:12:09.777399252,360,1000.03,100,False,ORDER_EXECUTED,100026.0,100.0,99888.0,100.0,999.57,1.38,0.5,1000.3886046511628
2019-06-28 10:12:09.848425351,264,1012.24,100,False,ORDER_CANCELLED,100026.0,100.0,99888.0,100.0,999.57,1.38,0.5,1000.3886046511628
2019-06-28 10:12:11.848575651,385,1000.26,100,True,LIMIT_ORDER,100056.0,100.0,99888.0,100.0,999.72,1.68,0.5,1000.3886046511628
2019-06-28 10:12:11.848575651,304,1000.26,100,False,ORDER_EXECUTED,100056.0,100.0,99888.0,100.0,999.72,1.68,0.5,1000.3871264367816
2019-06-28 10:12:11.848575651,385,1000.26,100,True,ORDER_EXECUTED,100056.0,100.0,99888.0,100.0,999.72,1.68,0.5,1000.3856818181819
2019-06-28 10:12:15.860672533,386,999.99,100,False,LIMIT_ORDER,99999.0,100.0,99888.0,100.0,999.435,1.11,0.5,1000.3856818181819
2019-06-28 10:12:16.951737441,327,995.71,100,True,ORDER_CANCELLED,99999.0,100.0,99888.0,100.0,999.435,1.11,0.5,1000.3856818181819
2019-06-28 10:12:18.951894664,387,995.51,100,True,LIMIT_ORDER,99999.0,100.0,99888.0,100.0,999.435,1.11,0.5,1000.3856818181819
2019-06-28 10:12:25.434750108,376,996.11,100,True,ORDER_CANCELLED,99999.0,100.0,99888.0,100.0,999.435,1.11,0.5,1000.3856818181819
2019-06-28 10:12:26.435734691,388,1000.37,100,False,LIMIT_ORDER,99999.0,100.0,99888.0,100.0,999.435,1.11,0.5,1000.3856818181819
2019-06-28 10:12:32.836787789,349,1006.59,100,False,ORDER_CANCELLED,99999.0,100.0,99888.0,100.0,999.435,1.11,0.5,1000.3856818181819
2019-06-28 10:12:33.838936206,389,996.22,100,True,LIMIT_ORDER,99999.0,100.0,99888.0,100.0,999.435,1.11,0.5,1000.3856818181819
2019-06-28 10:12:38.460028110,390,1002.57,100,False,LIMIT_ORDER,99999.0,100.0,99888.0,100.0,999.435,1.11,0.5,1000.3856818181819
2019-06-28 10:12:39.566118831,287,997.44,100,True,ORDER_CANCELLED,99999.0,100.0,99888.0,100.0,999.435,1.11,0.5,1000.3856818181819
2019-06-28 10:12:40.566377493,391,996.9,100,True,LIMIT_ORDER,99999.0,100.0,99888.0,100.0,999.435,1.11,0.5,1000.3856818181819
2019-06-28 10:12:42.159409828,363,1015.08,100,False,ORDER_CANCELLED,99999.0,100.0,99888.0,100.0,999.435,1.11,0.5,1000.3856818181819
2019-06-28 10:12:43.170793456,392,1010.97,100,False,LIMIT_ORDER,99999.0,100.0,99888.0,100.0,999.435,1.11,0.5,1000.3856818181819
2019-06-28 10:12:44.840648282,260,1009.33,100,False,ORDER_CANCELLED,99999.0,100.0,99888.0,100.0,999.435,1.11,0.5,1000.3856818181819
2019-06-28 10:12:45.840775030,393,1010.17,100,False,LIMIT_ORDER,99999.0,100.0,99888.0,100.0,999.435,1.11,0.5,1000.3856818181819
2019-06-28 10:13:22.012466270,394,1002.06,100,False,LIMIT_ORDER,99999.0,100.0,99888.0,100.0,999.435,1.11,0.5,1000.3856818181819
2019-06-28 10:13:27.052774227,395,1012.51,100,False,LIMIT_ORDER,99999.0,100.0,99888.0,100.0,999.435,1.11,0.5,1000.3856818181819
2019-06-28 10:14:09.628065079,369,990.45,100,True,ORDER_CANCELLED,99999.0,100.0,99888.0,100.0,999.435,1.11,0.5,1000.3856818181819
2019-06-28 10:14:11.629147191,396,994.18,100,True,LIMIT_ORDER,99999.0,100.0,99888.0,100.0,999.435,1.11,0.5,1000.3856818181819
2019-06-28 10:14:18.061694378,397,1017.55,100,False,LIMIT_ORDER,99999.0,100.0,99888.0,100.0,999.435,1.11,0.5,1000.3856818181819
2019-06-28 10:14:26.197751703,377,994.95,100,True,ORDER_CANCELLED,99999.0,100.0,99888.0,100.0,999.435,1.11,0.5,1000.3856818181819
2019-06-28 10:14:27.198137114,398,1007.64,100,False,LIMIT_ORDER,99999.0,100.0,99888.0,100.0,999.435,1.11,0.5,1000.3856818181819
2019-06-28 10:14:33.320369343,388,1000.37,100,False,ORDER_CANCELLED,99999.0,100.0,99888.0,100.0,999.435,1.11,0.5,1000.3856818181819
2019-06-28 10:14:34.320580522,399,996.86,100,True,LIMIT_ORDER,99999.0,100.0,99888.0,100.0,999.435,1.11,0.5,1000.3856818181819
2019-06-28 10:14:37.838462431,347,1017.45,100,False,ORDER_CANCELLED,99999.0,100.0,99888.0,100.0,999.435,1.11,0.5,1000.3856818181819
2019-06-28 10:14:38.838586339,400,1008.72,100,False,LIMIT_ORDER,99999.0,100.0,99888.0,100.0,999.435,1.11,0.5,1000.3856818181819
2019-06-28 10:14:43.495460428,392,1010.97,100,False,ORDER_CANCELLED,99999.0,100.0,99888.0,100.0,999.435,1.11,0.5,1000.3856818181819
2019-06-28 10:14:44.494564745,401,1007.33,100,False,LIMIT_ORDER,99999.0,100.0,99888.0,100.0,999.435,1.11,0.5,1000.3856818181819
2019-06-28 10:15:01.037387188,314,981.55,100,True,ORDER_CANCELLED,99999.0,100.0,99888.0,100.0,999.435,1.11,0.5,1000.3856818181819
2019-06-28 10:15:03.038169005,402,1003.63,100,False,LIMIT_ORDER,99999.0,100.0,99888.0,100.0,999.435,1.11,0.5,1000.3856818181819
2019-06-28 10:15:12.413483851,204,997.87,100,True,ORDER_CANCELLED,99999.0,100.0,99888.0,100.0,999.435,1.11,0.5,1000.3856818181819
2019-06-28 10:15:12.566342028,222,989.2,100,True,ORDER_CANCELLED,99999.0,100.0,99888.0,100.0,999.435,1.11,0.5,1000.3856818181819
2019-06-28 10:15:13.413236349,403,997.15,100,True,LIMIT_ORDER,99999.0,100.0,99888.0,100.0,999.435,1.11,0.5,1000.3856818181819
2019-06-28 10:15:14.566577577,404,998.88,100,False,LIMIT_ORDER,99999.0,100.0,99819.0,100.0,999.09,1.8,0.5,1000.3856818181819
2019-06-28 10:15:14.566577577,285,998.88,100,True,ORDER_EXECUTED,99999.0,100.0,99819.0,100.0,999.09,1.8,0.5,1000.3687640449439
2019-06-28 10:15:14.566577577,404,998.88,100,False,ORDER_EXECUTED,99999.0,100.0,99819.0,100.0,999.09,1.8,0.5,1000.3522222222222
2019-06-28 10:15:18.330928661,220,1006.99,100,False,ORDER_CANCELLED,99999.0,100.0,99819.0,100.0,999.09,1.8,0.5,1000.3522222222222
2019-06-28 10:15:19.331146526,405,997.3,100,True,LIMIT_ORDER,99999.0,100.0,99819.0,100.0,999.09,1.8,0.5,1000.3522222222222
2019-06-28 10:15:20.737555203,393,1010.17,100,False,ORDER_CANCELLED,99999.0,100.0,99819.0,100.0,999.09,1.8,0.5,1000.3522222222222
2019-06-28 10:15:22.738969608,406,1009.68,100,False,LIMIT_ORDER,99999.0,100.0,99819.0,100.0,999.09,1.8,0.5,1000.3522222222222
2019-06-28 10:15:29.645558299,255,996.61,100,True,ORDER_CANCELLED,99999.0,100.0,99819.0,100.0,999.09,1.8,0.5,1000.3522222222222
2019-06-28 10:15:30.643168292,407,1001.67,100,False,LIMIT_ORDER,99999.0,100.0,99819.0,100.0,999.09,1.8,0.5,1000.3522222222222
2019-06-28 10:16:19.747999643,320,1009.33,100,False,ORDER_CANCELLED,99999.0,100.0,99819.0,100.0,999.09,1.8,0.5,1000.3522222222222
2019-06-28 10:16:20.511277638,346,994.53,100,True,ORDER_CANCELLED,99999.0,100.0,99819.0,100.0,999.09,1.8,0.5,1000.3522222222222
2019-06-28 10:16:21.511534342,408,1004.3,100,False,LIMIT_ORDER,99999.0,100.0,99819.0,100.0,999.09,1.8,0.5,1000.3522222222222
2019-06-28 10:16:21.748277793,409,1010.69,100,False,LIMIT_ORDER,99999.0,100.0,99819.0,100.0,999.09,1.8,0.5,1000.3522222222222
2019-06-28 10:16:22.981509115,410,996.32,100,True,LIMIT_ORDER,99999.0,100.0,99819.0,100.0,999.09,1.8,0.5,1000.3522222222222
2019-06-28 10:16:40.446071681,324,1006.46,100,False,ORDER_CANCELLED,99999.0,100.0,99819.0,100.0,999.09,1.8,0.5,1000.3522222222222
2019-06-28 10:16:42.446279851,411,1006.33,100,False,LIMIT_ORDER,99999.0,100.0,99819.0,100.0,999.09,1.8,0.5,1000.3522222222222
2019-06-28 10:17:00.748360527,318,1003.93,100,False,ORDER_CANCELLED,99999.0,100.0,99819.0,100.0,999.09,1.8,0.5,1000.3522222222222
2019-06-28 10:17:01.748493236,412,996.45,100,True,LIMIT_ORDER,99999.0,100.0,99819.0,100.0,999.09,1.8,0.5,1000.3522222222222
2019-06-28 10:17:08.348805629,247,989.76,100,True,ORDER_CANCELLED,99999.0,100.0,99819.0,100.0,999.09,1.8,0.5,1000.3522222222222
2019-06-28 10:17:10.348895378,413,991.41,100,True,LIMIT_ORDER,99999.0,100.0,99819.0,100.0,999.09,1.8,0.5,1000.3522222222222
2019-06-28 10:17:32.839944318,413,991.41,100,True,ORDER_CANCELLED,99999.0,100.0,99819.0,100.0,999.09,1.8,0.5,1000.3522222222222
2019-06-28 10:17:33.834543701,414,989.94,100,True,LIMIT_ORDER,99999.0,100.0,99819.0,100.0,999.09,1.8,0.5,1000.3522222222222
2019-06-28 10:17:48.924948228,381,1006.93,100,False,ORDER_CANCELLED,99999.0,100.0,99819.0,100.0,999.09,1.8,0.5,1000.3522222222222
2019-06-28 10:17:50.925343670,415,995.04,100,True,LIMIT_ORDER,99999.0,100.0,99819.0,100.0,999.09,1.8,0.5,1000.3522222222222
2019-06-28 10:17:59.328023213,414,989.94,100,True,ORDER_CANCELLED,99999.0,100.0,99819.0,100.0,999.09,1.8,0.5,1000.3522222222222
2019-06-28 10:18:01.328131639,416,990.72,100,True,LIMIT_ORDER,99999.0,100.0,99819.0,100.0,999.09,1.8,0.5,1000.3522222222222
2019-06-28 10:18:06.176930425,417,999.99,100,True,ORDER_EXECUTED,100056.0,100.0,99819.0,100.0,999.375,2.37,0.5,1000.3482417582418
2019-06-28 10:18:06.176930425,417,999.99,100,True,LIMIT_ORDER,100056.0,100.0,99819.0,100.0,999.375,2.37,0.5,1000.3482417582418
2019-06-28 10:18:06.176930425,386,999.99,100,False,ORDER_EXECUTED,100056.0,100.0,99819.0,100.0,999.375,2.37,0.5,1000.344347826087
2019-06-28 10:18:07.259801404,366,1007.21,100,False,ORDER_CANCELLED,100056.0,100.0,99819.0,100.0,999.375,2.37,0.5,1000.344347826087
2019-06-28 10:18:09.260846972,418,990.04,100,True,LIMIT_ORDER,100056.0,100.0,99819.0,100.0,999.375,2.37,0.5,1000.344347826087
2019-06-28 10:18:17.917018904,419,1002.91,100,False,LIMIT_ORDER,100056.0,100.0,99819.0,100.0,999.375,2.37,0.5,1000.344347826087
2019-06-28 10:18:27.014761948,293,1013.03,100,False,ORDER_CANCELLED,100056.0,100.0,99819.0,100.0,999.375,2.37,0.5,1000.344347826087
2019-06-28 10:18:28.014388046,420,988.52,100,True,LIMIT_ORDER,100056.0,100.0,99819.0,100.0,999.375,2.37,0.5,1000.344347826087
2019-06-28 10:18:37.049308261,410,996.32,100,True,ORDER_CANCELLED,100056.0,100.0,99819.0,100.0,999.375,2.37,0.5,1000.344347826087
2019-06-28 10:18:39.049413543,421,1009.51,100,False,LIMIT_ORDER,100056.0,100.0,99819.0,100.0,999.375,2.37,0.5,1000.344347826087
2019-06-28 10:18:49.201140296,394,1002.06,100,False,ORDER_CANCELLED,100056.0,100.0,99819.0,100.0,999.375,2.37,0.5,1000.344347826087
2019-06-28 10:18:50.196294234,422,991.34,100,True,LIMIT_ORDER,100056.0,100.0,99819.0,100.0,999.375,2.37,0.5,1000.344347826087
2019-06-28 10:19:14.803856223,408,1004.3,100,False,ORDER_CANCELLED,100056.0,100.0,99819.0,100.0,999.375,2.37,0.5,1000.344347826087
2019-06-28 10:19:15.808584978,423,993.91,100,True,LIMIT_ORDER,100056.0,100.0,99819.0,100.0,999.375,2.37,0.5,1000.344347826087
2019-06-28 10:19:22.069130660,368,1000.56,100,False,ORDER_EXECUTED,100167.0,100.0,99819.0,100.0,999.93,3.48,0.5,1000.3466666666667
2019-06-28 10:19:22.069130660,424,1000.56,100,True,ORDER_EXECUTED,100167.0,100.0,99819.0,100.0,999.93,3.48,0.5,1000.3489361702127
2019-06-28 10:19:22.069130660,424,1000.56,100,True,LIMIT_ORDER,100167.0,100.0,99819.0,100.0,999.93,3.48,0.5,1000.3489361702127
2019-06-28 10:19:24.662245444,425,1003.52,100,False,LIMIT_ORDER,100167.0,100.0,99819.0,100.0,999.93,3.48,0.5,1000.3489361702127
2019-06-28 10:19:44.560080889,383,1013.27,100,False,ORDER_CANCELLED,100167.0,100.0,99819.0,100.0,999.93,3.48,0.5,1000.3489361702127
2019-06-28 10:19:46.560274131,426,980.07,100,True,LIMIT_ORDER,100167.0,100.0,99819.0,100.0,999.93,3.48,0.5,1000.3489361702127
2019-06-28 10:20:07.515005641,248,1006.02,100,False,ORDER_CANCELLED,100167.0,100.0,99819.0,100.0,999.93,3.48,0.5,1000.3489361702127
2019-06-28 10:20:08.515109850,427,992.29,100,True,LIMIT_ORDER,100167.0,100.0,99819.0,100.0,999.93,3.48,0.5,1000.3489361702127
2019-06-28 10:20:36.848849684,317,991.74,100,True,ORDER_CANCELLED,100167.0,100.0,99819.0,100.0,999.93,3.48,0.5,1000.3489361702127
2019-06-28 10:20:38.807663656,399,996.86,100,True,ORDER_CANCELLED,100167.0,100.0,99819.0,100.0,999.93,3.48,0.5,1000.3489361702127
2019-06-28 10:20:38.850094202,428,991.97,100,True,LIMIT_ORDER,100167.0,100.0,99819.0,100.0,999.93,3.48,0.5,1000.3489361702127
2019-06-28 10:20:39.685486173,380,993.96,100,True,ORDER_CANCELLED,100167.0,100.0,99819.0,100.0,999.93,3.48,0.5,1000.3489361702127
2019-06-28 10:20:39.794474056,429,989.73,100,True,LIMIT_ORDER,100167.0,100.0,99819.0,100.0,999.93,3.48,0.5,1000.3489361702127
2019-06-28 10:20:41.685615993,430,996.02,100,True,LIMIT_ORDER,100167.0,100.0,99819.0,100.0,999.93,3.48,0.5,1000.3489361702127
2019-06-28 10:20:44.565419780,431,1000.94,100,False,LIMIT_ORDER,100094.0,100.0,99819.0,100.0,999.565,2.75,0.5,1000.3489361702127
2019-06-28 10:20:46.361286708,395,1012.51,100,False,ORDER_CANCELLED,100094.0,100.0,99819.0,100.0,999.565,2.75,0.5,1000.3489361702127
2019-06-28 10:20:47.361326135,432,980.48,100,True,LIMIT_ORDER,100094.0,100.0,99819.0,100.0,999.565,2.75,0.5,1000.3489361702127
2019-06-28 10:21:58.694174195,337,1002.59,100,False,ORDER_CANCELLED,100094.0,100.0,99819.0,100.0,999.565,2.75,0.5,1000.3489361702127
2019-06-28 10:21:59.694120027,433,1011.94,100,False,LIMIT_ORDER,100094.0,100.0,99819.0,100.0,999.565,2.75,0.5,1000.3489361702127
2019-06-28 10:22:12.938242391,375,991.25,100,True,ORDER_CANCELLED,100094.0,100.0,99819.0,100.0,999.565,2.75,0.5,1000.3489361702127
2019-06-28 10:22:13.939593485,434,1011.08,100,False,LIMIT_ORDER,100094.0,100.0,99819.0,100.0,999.565,2.75,0.5,1000.3489361702127
2019-06-28 10:22:15.256551051,421,1009.51,100,False,ORDER_CANCELLED,100094.0,100.0,99819.0,100.0,999.565,2.75,0.5,1000.3489361702127
2019-06-28 10:22:17.256647034,435,1011.11,100,False,LIMIT_ORDER,100094.0,100.0,99819.0,100.0,999.565,2.75,0.5,1000.3489361702127
2019-06-28 10:22:32.768378950,425,1003.52,100,False,ORDER_CANCELLED,100094.0,100.0,99819.0,100.0,999.565,2.75,0.5,1000.3489361702127
2019-06-28 10:22:33.768174171,436,1003.22,100,False,LIMIT_ORDER,100094.0,100.0,99819.0,100.0,999.565,2.75,0.5,1000.3489361702127
